3346 5454
596 417 804 478 -192

63 593 236 664 eloquentes,
259 588 308 664 qui
322 588 420 666 facile
445 593 472 645 el
495 587 567 645 bene.
612 586 668 647 Pro
691 587 746 647 hac
764 589 914 667 facilitate
936 590 1048 648 decenus*
1066 596 1161 654 exstat
1184 587 1320 649 facundia

67 690 154 766 apud
177 691 322 767 Vellejum
343 705 368 759 2,
391 703 433 758 22,
456 705 487 763 51
510 689 614 764 gladiis
636 689 768 760 militum,
791 708 865 766 quos
887 692 965 766 ipsos
988 690 1124 750 facundia
1146 709 1200 750 sua
1221 707 1320 750 mora·

69 803 122 852 tus
144 800 216 861 erat,
239 791 392 851 confossus
414 799 458 850 est
479 787 666 868 (praecedunt
688 793 790 851 verba:
816 791 935 852 Marcus
957 793 1101 851 Antonius
1123 792 1257 868 princeps
1279 791 1321 851 ci·

64 895 169 953 vitatis
192 900 281 969 atque
303 884 508 969 eloquentiae).
551 893 646 970 Saepe
668 901 768 952 tamen
782 895 932 973 facundia
954 893 1058 953 dicitur
1079 912 1132 971 pro
1153 895 1318 968 eloquentis,

66 1007 104 1055 ut
130 995 208 1071 apud
227 993 364 1053 Ovidium
386 992 440 1070 (ep.
459 1012 495 1052 ex
513 993 607 1053 Ponto
624 1011 650 1070 2,
666 1011 692 1070 5.
710 993 761 1071 55),
787 996 872 1071 apud
892 995 1060 1055 Sallustium
1082 993 1158 1074 (Jug.
1181 995 1228 1071 65,
1250 1012 1267 1071 5
1290 1005 1320 1054 et

67 1093 215 1174 saepius),
247 1096 326 1172 apud
353 1095 470 1155 Celsum
497 1104 526 1154 et
552 1096 738 1156 Posteriores.
778 1096 881 1157 Cicero
912 1105 941 1156 et
972 1096 1082 1158 Caesar
1112 1098 1187 1156 hanc
1217 1115 1319 1158 vocem

67 1217 192 1277 prorsus
214 1198 447 1273 repudiaverunt.
1246 1263 1249 1268 .

162 1300 271 1362 Globus
296 1301 413 1377 ponitur
439 1320 493 1378 pro
517 1301 702 1362 multitudine
729 1302 881 1361 hominum
911 1302 995 1378 quasi
1020 1301 1050 1360 in
1077 1302 1162 1361 unius
1190 1303 1320 1379 corporis

69 1405 201 1464 sormam
228 1409 333 1463 coacta
354 1419 383 1474 2,
406 1402 455 1480 58,
478 1395 506 1461 a:
533 1402 562 1462 hi
583 1401 699 1478 (Brutus
725 1412 755 1463 et
777 1400 905 1477 Cassius)
930 1422 990 1462 una
1017 1422 1085 1462 cum
1112 1404 1320 1481 conjurationis

68 1505 167 1581 globo
190 1503 367 1580 Capitolium
390 1521 572 1580 occupavere
592 1501 701 1580 (Verg,
723 1503 808 1580 Nep,
832 1504 911 1574 Sall,
933 1505 1005 1574 Liv,
1029 1504 1119 1576 Curt,
1142 1504 1235 1578 Tac).

165 1604 269 1666 Grates
290 1606 396 1663 soluere
417 1603 534 1663 Dianae
559 1620 585 1674 2,
607 1620 649 1680 25,
673 1622 704 1679 4;
732 1625 786 1681 pro
808 1623 853 1680 eo,
874 1604 954 1682 quod
981 1615 1024 1666 est
1046 1605 1125 1682 apud
1147 1606 1318 1667 Ciceronem

64 1715 177 1785 grates
206 1723 305 1784 ogeru
332 1710 435 1783 grates
467 1723 581 1782 semper
612 1707 716 1766 dicitur
748 1709 784 1767 de
814 1708 916 1783 gratiis
947 1708 1115 1768 solemniter
1146 1709 1207 1769 deis
1238 1709 1320 1768 actis.

70 1811 184 1870 Grates
205 1809 370 1886 persolvere
394 1808 481 1884 Verg.
504 1809 577 1868 Aen.
600 1825 624 1878 2,
647 1823 714 1884 5373
736 1818 835 1885 grates
857 1812 1006 1876 exsolvere
1028 1809 1101 1870 Tac.
1122 1829 1191 1870 ann.
1215 1827 1320 1886 14,13.

68 1913 163 1971 —In
177 1915 308 1988 gratum
327 1909 397 1988 alcjs
414 1926 439 1980 2,
460 1909 499 1979 18,
518 1926 548 1985 5;
567 1927 592 1980 2,
611 1927 655 1984 41,
673 1926 699 1980 2,
717 1910 832 1970 Graece
851 1906 900 1985 εἷς
915 1905 1011 1994 χάριν
1028 1905 1124 1986 τινός,
1143 1912 1180 1971 cl.
1199 1913 1324 1972 Kuehn·

71 2023 131 2086 ast,
154 2011 270 2073 Livian.
292 2013 371 2091 Synt.
393 2032 421 2088 p.
444 2010 505 2087 581.
547 2012 632 2071 Adde
653 2011 732 2072 Suet.
755 2012 821 2071 Tib.
843 2031 893 2089 49.
1099 2091 1102 2098 Ι

135 2143 138 2149 ·
162 2116 328 2192 Inquilinus
358 2114 481 2183 dicitur,
508 2115 557 2190 qui
584 2114 614 2173 in
641 2114 737 2173 alieno
768 2115 881 2174 habitat
906 2115 986 2175 nullo
1013 2117 1180 2191 possidendi
1204 2119 1267 2195 jure
1294 2133 1320 2187 2,

72 2218 135 2288 128,
159 2235 188 2277 2:
211 2217 364 2286 Catonem,
383 2234 491 2275 novum
510 2217 597 2275 etiam
616 2215 746 2277 Tusculo
763 2217 843 2276 urbis
861 2218 1033 2293 inquilinum
1050 2215 1127 2294 (Sall.
1146 2219 1211 2279 Cat.
1229 2237 1271 2295 31,
1291 2233 1321 2295 7;

67 2323 165 2392 Suet,
185 2315 282 2399 Just).
897 2337 901 2343 ·

162 2422 293 2504 Juvenla
315 2429 469 2498 poetarum
496 2439 552 2481 vox
575 2417 639 2499 jam
666 2420 735 2480 inde
756 2441 775 2480 a
796 2422 878 2481 Livio
904 2423 1022 2498 ponitur
1048 2442 1102 2499 pro
1125 2426 1273 2502 juveutute
1295 2440 1320 2492 2,

73 2543 137 2597 102,
163 2543 188 2583 11
212 2542 301 2601 quem
321 2519 372 2598 (Μ.
390 2521 526 2598 Lollium)
547 2523 634 2582 veluti
656 2523 871 2582 moderatorem
891 2525 1028 2601 juventae
1049 2525 1088 2583 fili
1110 2526 1154 2584 sui
1171 2527 1322 2601 Augustus

71 2646 138 2689 esse
162 2626 306 2694 voluerat;
329 2641 445 2701 2‚129,
468 2641 498 2682 2:
525 2625 628 2701 quibus
652 2624 803 2700 juventam
826 2625 887 2701 ejus
910 2633 1141 2701 exaggeraverat
1163 2627 1321 2685 honoribus

71 2729 170 2805 (Cels,
193 2727 288 2803 Tac).
303 2759 342 2770 -
358 2725 503 2808 Juvenlus
520 2743 634 2800 semper
651 2744 670 2784 a
689 2725 800 2803 Vellejo
818 2725 921 2784 dicitur
942 2744 995 2801 pro
1010 2728 1174 2805 juvenibus,
1198 2727 1276 2787 velut
1298 2745 1321 2796 1,

75 2845 306 2907 411214·

161 2932 308 3002 lidrmilla,
336 2929 544 2989 deminutivum
567 2948 585 2988 a
607 2947 746 2999 mamma,
769 2930 925 2989 invenitur:
948 2946 973 3000 2,
992 2944 1039 3005 70,
1062 2946 1092 3006 5:
1115 2949 1184 2990 cum
1206 2949 1323 2991 mucro·

71 3054 142 3095 nem
170 3033 251 3109 gladi
277 3032 411 3092 sinistrae
432 3031 608 3104 admovisset
634 3030 783 3090 mamillae
799 3029 905 3104 (Varro
927 3032 964 3091 de
981 3052 1004 3091 r.
1022 3051 1044 3090 1.
1062 3050 1089 3108 5,
1110 3049 1153 3107 14,
1170 3049 1199 3103 2;
1218 3035 1321 3112 Juven.

71 3136 101 3208 6,
116 3153 190 3211 401;
211 3152 251 3218 15,
269 3131 319 3209 165
325 3150 333 3204 ;
356 3133 408 3194 sed
427 3135 522 3192 Varro
540 3133 577 3192 de
595 3152 617 3192 r.
635 3151 657 3192 r.
675 3149 701 3202 2,
720 3149 746 3207 5,
764 3149 780 3190 2
797 3132 990 3216 Schneiderus
1007 3135 1130 3211 scripsit:
1150 3131 1324 3210 mamullas).

165 3237 358 3295 Mr'nimrricm
389 3237 598 3311 praeeuntibus
628 3235 721 3312 poetis
752 3242 780 3293 et
811 3235 893 3293 Livio
923 3236 1143 3296 usitatissimum
1169 3242 1213 3294 est
1243 3237 1324 3312 apud

72 3327 252 3417 posteriores
275 3339 437 3415 scriptores.
481 3337 526 3396 Cs.
546 3336 620 3396 Vell.
643 3353 668 3406 2,
691 3351 737 3412 45,
760 3351 792 3410 4:
816 3336 1106 3397 honorificentissimo
1128 3337 1266 3397 ministeri
1288 3340 1324 3397 ti·

74 3441 156 3510 tulo;
179 3455 204 3511 2,
227 3456 272 3516 95,
296 3438 710 3518 5ειηιίηἰε1ετί2ρ1ἰηοίρ2ῐί2;
736 3455 762 3507 1,
789 3455 845 3508 111,
868 3455 898 3513 3:
922 3440 1045 3515 speciosi
1067 3439 1205 3499 ministeri
1227 3441 1323 3509 locus;

71 3560 97 3613 2,
125 3540 185 3611 116,
209 3558 239 3616 3:
263 3540 495 3617 splendidissima
518 3521 737 3609 ministeriatz,
761 3553 817 3614 127,
839 3555 867 3597 2:
890 3540 1058 3599 ministeria.

161 3641 358 3702 lmlr'mentum
380 3642 471 3701 semel
493 3661 512 3700 2
533 3640 661 3700 Caesare
682 3641 721 3715 (b.
744 3640 782 3700 G.
807 3658 832 3712 1,
855 3658 906 3717 54,
929 3658 946 3716 5
968 3640 1015 3700 ed.
1036 3640 1186 3718 Nipperd.)
1208 3649 1237 3701 et
1258 3660 1322 3702 sae·

74 3749 141 3824 pius
171 3764 191 3804 a
212 3745 294 3804 Livio
321 3753 494 3820 usurpatum
507 3741 698 3803 'vocabulum
728 3750 824 3802 exstat
849 3760 878 3814 2,
907 3742 954 3819 78,
982 3761 1008 3802 1:
1040 3762 1113 3820 quas
1143 3741 1325 3820 (provincias)

72 3849 194 3924 magnis
216 3847 392 3906 molimentis
414 3845 562 3904 Labienus
584 3854 781 3904 concusserat.

162 3946 549 4023 MunificcntrizaCiceronis
558 3954 587 4006 et
597 3946 730 4006 Caesaris
739 3946 952 4005 consuetudine
961 3947 1057 4005 aliena
1065 3963 1130 4015 vox,
1141 3946 1324 4005 sedaSallu-

72 4052 131 4110 stio
146 4050 341 4126 frequentata,
356 4048 435 4124 apud
451 4048 595 4125 Vellejum
610 4048 751 4124 reperitur
760 4046 786 4118 8,
798 4065 841 4121 41,
851 4061 875 4116 1;
885 4063 910 4118 2,
924 4046 967 4116 81,
981 4061 1012 4122 5;
1029 4062 1054 4116 2,
1070 4046 1130 4117 126,
1144 4062 1175 4120 4;
1186 4063 1210 4117 2,
1227 4064 1324 4123 150,1.

163 4151 234 4223 Quo
252 4152 361 4210 nominc
378 4150 508 4209 hocest:
527 4168 587 4226 qua
604 4143 641 4207 de
659 4167 750 4224 causa
769 4165 791 4220 1,
810 4164 836 4222 5,
855 4163 883 4216 2;
908 4164 929 4218 1,
947 4162 972 4222 5,
991 4162 1022 4222 5;
1044 4163 1069 4218 2,
1088 4163 1134 4218 20,
1153 4165 1170 4223 5
1188 4146 1322 4227 (Qui'nt.);

72 4273 112 4313 eo
136 4255 258 4312 nomine
280 4268 305 4322 2,
331 4268 393 4326 104,
416 4266 445 4321 2;
470 4252 550 4310 nullo
572 4251 690 4309 nomine
712 4266 737 4320 2,
761 4248 808 4325 69,
831 4266 857 4324 5.
1045 4312 1047 4318 ,

166 4353 311 4412 Occursus
332 4372 385 4430 pro
407 4355 605 4421 occursatione,
628 4337 735 4410 clusam
759 4354 842 4409 ellone
863 4367 893 4421 2,
915 4364 965 4425 47,
988 4367 1020 4425 4:
1043 4357 1195 4412 contracta
1216 4371 1253 4412 ex
1275 4371 1325 4411 oc·

70 4476 165 4518 cursu
184 4458 247 4515 rixa
268 4454 341 4530 (Ov,
360 4456 421 4514 Liv.
441 4471 466 4532 5,
486 4472 529 4529 41,
551 4470 580 4530 5;
603 4454 669 4513 Sen.
692 4453 770 4530 phil,
794 4453 836 4512 Pl.
858 4454 935 4530 maj,
954 4452 1036 4523 Tac,
1054 4453 1132 4512 Suet.
1152 4453 1197 4540 Cl.
1216 4455 1327 4513 Krebs·

72 4560 228 4636 Allgayer,
252 4558 404 4617 Antibarb.
427 4558 473 4618 ed.
497 4557 532 4614 V.
556 4575 584 4632 p.
608 4569 669 4631 792.
707 4554 791 4613 Adde
814 4553 961 4614 Ov.'met.
986 4571 1028 4629 14,
1051 4553 1122 4631 256).

1099 4659 1122 4698 ,,
