3346 5454
876 471 1084 529 ..40..

442 641 620 720 Refulgere,
649 640 729 716 quod
750 619 831 717 apud
852 650 963 701 veteres
981 643 1136 718 scriptores
1158 644 1274 720 proprie
1296 645 1440 720 significat
1462 645 1589 720 fulgorem

357 745 512 813 remittere,
535 742 733 818 resplendere,
760 762 813 820 per
840 745 1061 803 translationem
1088 755 1245 822 usurpatur
1267 764 1285 804 a
1308 745 1421 824 Vellejo
1446 758 1589 823 praeeunte

357 843 507 921 Propertio
531 842 567 920 (3,
592 845 633 916 18,
656 845 683 920 8)
705 864 757 922 pro
779 849 938 918 renasce'a,
959 863 1021 922 105,
1044 862 1073 923 51
1096 856 1158 906 tum
1181 847 1292 908 refulsit
1309 856 1390 908 certa
1412 867 1479 924 spes
1500 849 1590 907 libero

357 965 421 1005 111111
443 949 623 1023 parentibus,
654 947 720 1006 viris
742 948 1005 1007 matrimoniorum.
1037 948 1083 1009 Cf.
1106 948 1179 1007 Plio.
1202 949 1229 1007 h.
1251 969 1281 1008 n.
1302 966 1346 1027 55,
1370 967 1389 1026 9
1410 948 1474 1028 (36),
1498 951 1589 1010 60:in

357 1051 463 1126 quibus
480 1051 591 1126 primus
613 1050 726 1110 refulsit
746 1049 953 1126 Apollodorus.

442 1151 586 1227 Relegare
611 1153 691 1230 apud
713 1154 839 1229 optimos
866 1153 1019 1228 scriptores
1046 1153 1173 1212 eandem
1195 1154 1254 1212 vim¹
1279 1154 1382 1225 habet,
1409 1172 1590 1231 011111111-

356 1253 474 1328 publica
495 1272 657 1325 removere,
680 1273 739 1331 qua
762 1255 850 1313 utitur
872 1255 1000 1332 Vellejus
1022 1271 1052 1326 2,
1074 1271 1126 1332 45,
1148 1271 1181 1330 4;
1204 1272 1234 1332 1,
1258 1271 1328 1327 100,
1351 1271 1383 1333 5;
1407 1275 1461 1332 per
1483 1258 1590 1316 transla-

356 1355 466 1412 tionem
490 1363 646 1432 usurpatur
667 1375 720 1432 pro
742 1359 910 1432 assignare,
933 1359 1100 1429 attribuere,
1124 1361 1292 1437 transferre
1314 1375 1344 1429 2,
1367 1375 1420 1434 44,
1444 1376 1473 1418 2:
1499 1360 1590 1418 invidia

356 1458 520 1516 communis
542 1459 690 1534 potentiae
711 1459 742 1518 in
763 1459 846 1517 illum
868 1455 1062 1538 (Pompejum)
1083 1461 1228 1535 relegata;
1251 1477 1276 1530 2,
1296 1459 1344 1535 64,
1362 1477 1392 1520 21
1416 1461 1550 1521 invidiam
1568 1471 1590 1520 et

356 1565 507 1617 auctorem
530 1560 690 1636 relegabat
735 1559 781 1619 Cf.
804 1561 904 1633 Quint.
928 1575 957 1638 7,
981 1579 1015 1636 4,
1040 1579 1086 1638 151
1112 1563 1258 1622 interdum
1285 1563 1374 1640 culpa
1399 1564 1429 1620 in
1457 1563 1590 1622 hominem

355 1659 520 1736 relegatur;
540 1659 567 1720 6.
585 1679 715 1738 prooem.
735 1660 754 1739 ἓ
775 1680 819 1738 151
843 1664 943 1722 omnia
965 1665 1003 1722 ad
1026 1666 1135 1724 crimen
1154 1665 1289 1725 fortunae
1307 1665 1484 1741 relegamus.
1509 1664 1591 1723 Livius

356 1759 413 1821 hoc
434 1780 520 1822 sensu
543 1763 650 1835 verbo,
679 1764 758 1841 quod
780 1773 824 1825 est
845 1765 990 1842 delegare,
1012 1767 1109 1838 utitur,
1133 1767 1211 1826 velut
1232 1782 1261 1843 5,
1283 1783 1335 1838 20,
1359 1783 1390 1842 9:
1417 1767 1552 1826 invidiam
1569 1771 1591 1822 et

356 1863 479 1932 crimina
502 1865 641 1943 delegare
662 1867 702 1924 ad
724 1872 871 1937 senatum;
895 1867 942 1938 28,
966 1884 1015 1943 42,
1040 1884 1084 1946 15:
1111 1868 1235 1929 adversa
1258 1870 1373 1929 casibus
1398 1869 1516 1928 incertis
1536 1867 1590 1926 belli

358 1973 387 2024 et
410 1966 545 2027 fortunae
567 1966 714 2045 delegare.

354 2086 355 2089 ¹
440 2055 604 2143 Rependere
630 2072 700 2145 alqd
718 2073 785 2147 alqa
808 2091 838 2129 re
866 2088 920 2147 pro
943 2089 979 2129 eo
1001 2070 1130 2146 ponitur,
1158 2073 1239 2149 quod
1260 2072 1339 2149 apud
1363 2071 1536 2132 Ciceronem
1555 2069 1591 2144 (de

354 2177 428 2226 orat.
452 2185 480 2238 2,
500 2168 548 2246 67,
574 2170 643 2249 269:
672 2191 725 2250 pro
752 2174 850 2250 capite
881 2191 986 2232 aurum
1012 2157 1181 2248 rependeret
1207 2182 1251 2234 est
1276 2173 1438 2250 rependere
1461 2172 1530 2249 alqd
1550 2189 1592 2248 pro

354 2270 425 2346 alqa
443 2289 475 2329 re
492 2288 516 2341 2,
536 2272 564 2344 6,
587 2290 617 2350 5:
640 2274 720 2351 quod
742 2275 845 2351 capitis
867 2293 927 2333 non
949 2274 1047 2334 dicam
1065 2274 1201 2347 Gracchi,
1225 2277 1276 2335 sed
1298 2277 1368 2335 civis
1391 2274 1520 2333 Romani
1539 2291 1593 2350 pre·

356 2373 428 2430 tium
456 2391 487 2433 se
518 2374 655 2434 daturum
681 2375 770 2452 idque
796 2393 868 2436 auro
896 2395 1088 2452 repensurum
1114 2379 1274 2453 proposuit.
1318 2377 1433 2436 Eadem
1461 2384 1592 2436 structura

355 2474 499 2533 invenitur
530 2475 598 2536 Val.
631 2477 713 2537 Max.
734 2494 774 2554 p,
803 2495 834 2552 4,
861 2494 893 2554 3;
923 2479 996 2537 Plin.
1023 2478 1052 2537 h.
1079 2499 1108 2538 n.
1131 2496 1180 2556 55,
1211 2497 1228 2555 5
1259 2477 1325 2558 (14),
1356 2478 1394 2554 48
1424 2478 1473 2553 (de
1502 2479 1594 2538 eodem

357 2575 495 2636 Graccho
517 2597 614 2638 sermo
636 2581 686 2657 fit).

440 2679 607 2757 Repude'are
629 2683 774 2744 derebus
796 2683 975 2760 nuptialibus
998 2684 1102 2743 dicitur
1123 2699 1148 2754 2,
1171 2700 1215 2757 41,
1238 2699 1267 2742 21
1290 2683 1371 2762 cujus
1393 2685 1485 2743 filiam
1508 2692 1538 2742 ut
1558 2700 1594 2740 re·

358 2782 492 2857 pudiaret
514 2785 651 2861 compelli
672 2803 732 2843 non
754 2793 870 2860 poterat
891 2782 1003 2860 (Plaut,
1026 2785 1106 2856 Ter,
1129 2786 1218 2857 Suet,
1241 2782 1297 2860 11).

444 2888 657 2945 Transcendere
678 2887 837 2946 insolenter
858 2887 963 2947 dicitur
984 2905 1050 2964 pro:
1073 2889 1196 2946 transire
1217 2887 1248 2946 in
1269 2886 1418 2946 narrando
1441 2903 1467 2960 2,
1489 2905 1550 2965 130,
1570 2903 1595 2962 3:

355 2996 387 3047 ut
409 2988 448 3047 ad
469 2989 583 3066 majora
605 2989 821 3048 transcendam.
867 2988 911 3047 Cf.
936 2987 1036 3061 Quint.
1060 3002 1083 3063 7,
1109 3006 1131 3058 1,
1154 3004 1183 3047 2:
1210 2990 1250 3048 ad
1271 2989 1381 3048 leviora
1402 2991 1595 3058 transcendam

354 3090 434 3168 Hyg.
460 3091 539 3167 apud
566 3089 642 3149 Gell.
667 3089 709 3161 16,
733 3089 761 3161 6,
786 3107 830 3167 15:
853 3109 891 3150 ex
912 3091 1025 3149 minore
1046 3097 1145 3150 aetate
1162 3092 1192 3150 in
1214 3093 1356 3168 majorem
1379 3093 1594 3152 transcendisse.
1640 3079 1641 3084 ¹

443 3192 628 3270 Transgredi
647 3200 749 3251 contra
771 3193 1014 3251 consuetudinem
1040 3193 1217 3267 optimorum
1240 3194 1414 3270 scriptorum
1437 3213 1490 3271 per
1512 3202 1596 3253 trans·

354 3295 496 3384 lationem
518 3297 637 3372 ponitur
658 3313 712 3370 pro
733 3296 875 3371 excedere,
899 3296 1063 3369 praeterire
1085 3310 1110 3364 2,
1133 3307 1157 3368 7,
1180 3310 1211 3352 2:
1236 3297 1345 3372 quippe
1372 3297 1487 3374 Juvenis
1510 3296 1596 3372 specie

355 3398 501 3457 excellens
522 3398 648 3457 necdum
667 3396 937 3454 duodevicesimum
955 3412 1067 3453 annum
1085 3404 1284 3471 transgressus
1296 3395 1375 3470 (Sall.
1393 3396 1458 3456 hist.
1476 3399 1533 3457 inc.
1550 3395 1595 3464 8o;

354 3501 421 3559 Val.
443 3498 535 3570 Max,
547 3499 631 3565 ,Plin
654 3497 741 3576 mai).
773 3497 887 3557 Deinde
909 3496 965 3556 hoc
978 3497 1154 3557 vocabulum
1172 3498 1299 3558 eandem
1320 3499 1380 3557 vim
1397 3498 1495 3570 habet,
1514 3515 1597 3576 quam

353 3604 463 3661 silentio
479 3605 642 3677 praeterere
667 3618 692 3672 2,
717 3600 780 3670 108,
803 3617 831 3664 2:
855 3598 935 3660 nulla
958 3599 1104 3658 festinatio
1127 3600 1211 3677 hujus
1233 3600 1284 3659 viri
1306 3601 1486 3688 mentionem
1510 3611 1597 3660 trans·

353 3705 437 3782 gredi
455 3705 553 3764 debet.
589 3704 635 3764 Cf.
654 3703 741 3780 Apul.
760 3704 798 3762 de
815 3703 916 3778 magia
934 3715 983 3776 74:
1003 3702 1115 3760 utinam
1133 3701 1250 3762 hercule
1267 3697 1385 3778 possem
1403 3720 1481 3779 quae
1501 3700 1598 3762 deinde

354 3806 480 3867 dicenda
502 3815 569 3866 sunt
591 3807 653 3866 sine
675 3806 805 3864 maximo
827 3821 936 3862 causae
958 3802 1111 3878 dispendio
1132 3803 1305 3878 transgredi.

443 3910 632 3969 Tumultuare'
653 3906 830 3966 vocabulum
853 3924 871 3963 a
895 3922 1029 3964 sermone
1056 3907 1196 3964 castrensi
1222 3903 1409 3982 desumptum
1431 3907 1512 3983 apud
1535 3905 1599 3963 Vel·

353 4010 442 4088 lejum
469 4030 538 4072 eum
560 4012 717 4088 significat,
745 4009 795 4087 qui
816 4009 943 4067 incertus
965 4011 1022 4076 est,
1049 4014 1147 4088 utrum
1170 4007 1255 4078 hanc,
1278 4027 1318 4067 an
1339 4007 1419 4067 1111111
1446 4023 1599 4084 personam

353 4121 476 4188 15111,
500 4128 549 4190 79,
572 4130 603 4190 5:
631 4114 701 4173 dum
723 4113 798 4172 inter
825 4111 931 4170 ducem
953 4115 983 4167 et
1005 4109 1167 4184 supplicem
1188 4110 1391 4170 tumultuatur.
1435 4108 1599 4180 ,Tumultus

353 4232 442 4290 saepe
469 4216 572 4276 dicitur
594 4216 632 4275 de
659 4215 749 4273 animi
775 4221 870 4282 motu,
898 4218 930 4269 ut
952 4209 1025 4268 Hor.
1049 4209 1098 4282 od.
1121 4226 1149 4281 2,
1175 4209 1221 4282 16,
1246 4227 1294 4272 101
1321 4230 1417 4290 neque
1442 4211 1600 4270 consularis

353 4325 516 4377 summovet
537 4317 623 4377 lictor
643 4317 755 4376 miseris
778 4312 918 4374 tumultus
940 4313 1055 4372 mentis.
1099 4312 1235 4372 Eandem
1248 4309 1347 4374 lanimi
1374 4314 1536 4390 agitionem
1562 4313 1600 4370 sic

339 4421 493 4494 ‚expressit
514 4420 666 4479 Sallustius
688 4419 755 4497 Jug.
777 4432 823 4492 25,
847 4414 881 4474 6:
908 4423 989 4473 metu
1012 4423 1100 4490 atque
1124 4415 1241 4475 libidine
1263 4415 1394 4476 divorsus
1415 4417 1600 4492 agitabatur‘.

353 4520 552 4582 Ruhnkenius.
639 4581 640 4586 ,

416 4669 418 4673 .
445 4622 544 4682 Venire
566 4627 596 4682 in
619 4622 699 4700 alqm
722 4621 879 4680 insolenter
902 4618 1005 4678 dicitur
1023 4635 1076 4694 pro
1098 4622 1287 4694 supervenire,
1311 4622 1429 4678 adoriri
1443 4635 1468 4688 2,
1488 4635 1553 4695 roo,
1571 4634 1600 4692 51
