3346 5454
909 463 1112 542 ...38-

386 655 517 735 jungitur
539 669 565 728 2,
587 671 633 727 20,
656 671 685 713 22
708 652 804 715 Cinna
826 654 857 714 in
879 655 1015 714 omnibus
1036 653 1167 714 tribubus
1187 672 1220 714 se
1241 671 1291 715 eos
1314 655 1529 714 distributurum
1549 655 1613 730 polli-

390 759 464 818 citus
486 764 538 818 est.
578 756 624 816 De
646 755 703 816 hac
726 763 872 816 structura
897 757 976 833 apud
995 773 1098 816 omnes
1119 755 1343 833 lexicographps
1366 765 1488 816 tacetur.

474 857 617 930 Erudr'ra
640 857 720 936 quod
742 857 820 936 apud
842 859 969 936 optimos
996 858 1149 936 scriptores
1172 865 1285 919 tanturn
1313 857 1350 918 de
1372 859 1501 936 personis
1523 857 1612 928 dicitur,

192 1005 196 1016 .
284 1038 286 1051 Ι
368 961 372 968 “
388 969 548 1038 praeeunte
572 959 677 1021 Ovidio
699 957 767 1035 (arn.
787 977 809 1033 r,
829 978 871 1038 14,
890 977 943 1038 30:
961 961 1043 1021 erud.
1061 976 1146 1032 acus3
1164 979 1235 1021 rem.
1253 979 1312 1020 am.
1331 959 1405 1036 6902
1429 960 1506 1019 erud.
1524 959 1615 1033 oculos)

388 1062 562 1122 transfertur
583 1062 622 1122 ad
644 1081 689 1122 res
712 1078 737 1132 2,
760 1079 805 1140 59,
829 1079 861 1138 42
884 1063 923 1123 26
945 1063 1137 1124 erudiendam
1158 1063 1327 1123 liberalibus
1354 1060 1509 1138 disciplinis
1535 1062 1615 1136 singu·

387 1163 456 1226 laris
478 1163 607 1224 indolem
627 1165 739 1243 juvenis
761 1165 948 1242 Apolloniam
971 1183 1039 1225 eum
1061 1167 1090 1225 in
1112 1165 1208 1226 studia
1230 1165 1358 1224 miserat.
1397 1161 1443 1224 Cf.
1462 1161 1531 1222 Plin.
1552 1162 1576 1221 h.
1595 1181 1614 1220 n.

394 1282 441 1342 34,
465 1264 482 1324 8
504 1263 567 1343 (291,
591 1265 641 1343 562
665 1267 825 1328 toreuticen
847 1267 927 1328 erud.
950 1299 990 1309 -
1013 1265 1090 1327 Flor.
1115 1283 1137 1338 1,
1160 1265 1188 1338 6,
1212 1283 1237 1327 22
1261 1267 1387 1326 educare
1409 1265 1542 1324 indolem.

475 1367 571 1428 Euelr'
598 1368 627 1428 in
654 1369 734 1447 alqm
760 1369 886 1445 gradum
914 1367 1030 1448 honoris
1061 1367 1139 1428 haud
1170 1385 1236 1429 raro
1264 1387 1282 1427 a
1310 1368 1422 1446 Vellejo
1450 1367 1549 1427 dicitnr
1577 1383 1616 1442 pro

391 1473 539 1530 ascendere
561 1471 769 1547 praeeuntibus
791 1471 918 1531 Horatio
940 1479 970 1530 et
995 1469 1123 1547 Vergilio
1140 1487 1166 1540 2,
1184 1486 1212 1543 4,
1232 1483 1261 1546 7:
1283 1469 1312 1528 in
1330 1487 1418 1546 quem
1436 1464 1617 1542 (consulatum)

391 1578 508 1631 evectus
534 1581 590 1642 est:
620 1588 644 1644 2,
673 1587 722 1648 50,
749 1573 832 1648 5212
855 1589 1002 1632 summum
1030 1571 1178 1649 fastigium
1203 1571 1308 1650 (suppl.
1330 1572 1476 1631 honorum
1498 1580 1526 1631 et
1546 1572 1617 1646 impe·

391 1667 510 1746 riorum)
532 1681 667 1733 evectum
690 1671 804 1747 (eadem
827 1673 935 1735 locutio
955 1690 980 1746 2,
1003 1672 1048 1750 56,
1072 1689 1103 1748 5;
1126 1690 1150 1744 2,
1176 1672 1232 1746 226,
1256 1670 1297 1750 4);
1320 1690 1345 1744 2,
1368 1689 1411 1749 55,
1435 1689 1467 1747 3:
1490 1673 1539 1731 viri
1558 1669 1616 1730 inid

383 1765 492 1843 evecti,
525 1791 611 1853 super
639 1775 717 1852 quod
747 1775 865 1836 ascendi
892 1793 951 1835 non
978 1782 1086 1852 potest;
1113 1792 1138 1846 2,
1163 1790 1220 1852 127,
1245 1792 1271 1835 r:
1302 1767 1353 1834 ad'
1368 1774 1540 1850 multiplices
1563 1791 1616 1832 con·

372 1875 502 1946 ‚sulatus
533 1877 752 1957 triumphosque
784 1877 874 1938 evehi.
923 1878 1027 1939 Activa
1053 1877 1148 1938 torma
1174 1893 1203 1948 2,
1232 1892 1286 1954 90,
1316 1892 1341 1934 22
1374 1893 1462 1953 quem
1491 1875 1616 1954 usquein

389 1977 507 2036 tertium
529 1978 712 2040 consulatum
735 1979 862 2040 amicitia
883 1980 1019 2058 principis
1042 1988 1178 2040 evexerat
1202 1975 1273 2055 (Liv.
1296 1977 1364 2055 epit.
1383 1977 1434 2036 682
1463 1977 1567 2036 homini
1590 1973 1617 2032 ad

391 2085 490 2138 tantos
513 2079 638 2141 honores
660 2089 775 2160 evecto;
798 2080 893 2141 Livius
916 2083 977 2158 ipse
999 2098 1041 2151 22,
1060 2080 1105 2152 26,
1128 2097 1157 2140 22
1179 2081 1330 2158 pervenire
1352 2080 1391 2139 ad
1413 2078 1540 2139 honores
1560 2076 1618 2136 dicit.

390 2178 464 2240 Tac.
488 2179 556 2242 dial.
582 2199 625 2258 13:
651 2182 731 2243 eveh.
755 2181 793 2242 ad
816 2185 997 2256 consulatus;
1025 2183 1104 2243 Curt.
1126 2199 1155 2259 4,
1179 2199 1222 2254 10,
1245 2198 1296 2242 20:
1324 2181 1362 2241 ad
1385 2199 1533 2242 summum
1558 2178 1619 2238 lasti·

391 2281 472 2356 gium
495 2277 594 2357 evehi).

477 2381 591 2444 Illicere.
609 2385 688 2464 apud
710 2385 837 2461 optimos
859 2385 1014 2463 scriptores
1036 2387 1208 2464 pierumque
1225 2395 1380 2464 usurpatur
1397 2385 1427 2445 in
1445 2384 1555 2443 malam
1571 2397 1621 2458 par·

392 2492 465 2555 tem,
489 2503 549 2562 qua
569 2485 779 2561 significatione
801 2495 896 2546 exstat
917 2487 996 2565 apud
1016 2488 1158 2567 Vellejum
1181 2504 1206 2562 2,
1230 2504 1270 2564 13,
1293 2503 1322 2559 23
1350 2488 1403 2549 sed
1424 2485 1529 2546 dicitur
1550 2484 1620 2543 etiarn

393 2587 424 2646 in
446 2587 556 2647 bonam
578 2596 701 2664 partem,
725 2597 757 2648 ut
774 2605 799 2662 2,
818 2588 865 2666 89,
883 2605 916 2664 4:
939 2591 1084 2667 principes
1106 2591 1156 2650 viri
1174 2590 1291 2650 hortatu
1313 2591 1450 2667 principis
1473 2589 1513 2649 ad
1534 2603 1622 2647 ornan·

393 2687 462 2748 dam
485 2690 588 2750 urbem
609 2689 696 2751 illecti
719 2699 795 2751 sunt.
840 2691 885 2752 Ci.
908 2693 1003 2752 Varro
1026 2692 1063 2752 de
1085 2693 1104 2752 l.
1126 2693 1144 2752 l.
1168 2691 1196 2764 6,
1219 2708 1237 2769 9
1261 2688 1280 2768 ἓ
1303 2707 1355 2768 942
1378 2699 1410 2751 ut
1431 2693 1556 2770 populns
1576 2687 1623 2749 inli-

393 2793 486 2851 ciatur
507 2792 546 2852 ad
568 2794 756 2870 magistratus
779 2802 977 2871 conspectum.

478 2892 652 2954 Illumlnare
674 2895 815 2955 translate
837 2894 941 2955 dicitur
962 2913 1015 2973 pro
1032 2915 1079 2967 eo,
1102 2895 1181 2974 qnod
1203 2904 1247 2956 est
1265 2896 1405 2955 celebrare
1427 2912 1449 2967 1,
1475 2895 1516 2966 28,
1539 2911 1566 2970 3:
1586 2891 1626 2950 nisi

392 2993 514 3054 Thebas
541 3014 632 3055 unum
658 3013 692 3056 os
714 2995 832 3056 Pindari
858 2997 1047 3068 illuminaret;
1076 3014 1105 3069 2,
1129 2997 1180 3070 66,
1204 3013 1233 3074 52
1252 2991 1357 3057 'rernm
1385 3004 1512 3058 naturae
1537 3010 1625 3073 corpus

393 3096 561 3173 eloquentia
583 3097 762 3158 illuminavit.

479 3197 602 3276 Implere
624 3201 765 3261 translate
787 3201 903 3278 ponitur
921 3218 975 3277 pro
990 3203 1079 3277 plane
1100 3203 1255 3278 explicare,
1278 3211 1418 3278 exponere
1440 3201 1496 3270 vel,
1519 3209 1551 3260 ut
1571 3197 1628 3258 21122

396 3301 504 3371 dicunt,
528 3303 690 3362 exhaurire
712 3316 737 3372 2,
762 3317 825 3378 103,
847 3317 879 3376 4:
898 3301 943 3361 vix
966 3303 995 3361 in
1016 3302 1066 3362 illo
1085 3303 1163 3381 justo
1185 3321 1273 3380 opere
1295 3302 1412 3363 abunde
1434 3302 1569 3380 persequi
1589 3317 1629 3377 po·

396 3402 523 3472 terimus,
547 3403 656 3462 nedum
678 3402 725 3463 hic
746 3403 876 3481 implere.
915 3403 991 3464 Vide
1012 3421 1089 3483 quae
1111 3404 1307 3482 Schultingius
1329 3405 1368 3465 ad
1385 3404 1452 3466 Sen.
1470 3413 1597 3466 controv.
1614 3416 1629 3456 1·
1659 3449 1660 3464 .

397 3522 425 3581 p.
451 3518 503 3579 107
527 3503 692 3565 doctissime
714 3505 752 3565 de
774 3507 859 3566 variis
885 3506 1025 3584 implendi
1047 3507 1305 3583 significationibus
1332 3507 1499 3584 disputavit.
1523 3537 1562 3551 -
1583 3503 1630 3564 In·

389 3608 471 3683 plere
489 3605 569 3682 alqm
587 3606 690 3667 dicitur
708 3624 774 3685 pro:
797 3612 857 3669 oris
867 3610 976 3685 figura
993 3611 1069 3686 alqm
1081 3611 1164 3685 plene
1180 3611 1354 3691 perfecteque
1371 3610 1489 3690 referre
1504 3625 1530 3681 2,
1549 3623 1590 3686 95,
1607 3619 1631 3680 3²

396 3725 463 3766 cum
480 3707 588 3769 Paulus
612 3708 656 3767 vix
674 3719 774 3786 posset
796 3711 917 3789 impiere
934 3727 1087 3771 censorem
1110 3705 1144 3788 [i.
1165 3729 1192 3770 e.
1215 3712 1272 3771 vim
1295 3720 1323 3772 et
1346 3712 1552 3772 auctoritatem
1573 3725 1631 3768 cen·

400 3809 472 3869 soris
494 3808 580 3886 plene
602 3807 766 3890 praestare]
795 3810 878 3887 (Plin.
902 3829 957 3889 ep„
980 3811 1063 3883 Tac,
1095 3812 1131 3872 cl.
1154 3811 1294 3872 Enettich.
1318 3813 1401 3873 lexic.
1422 3812 1498 3873 Tac.
1522 3831 1551 3890 p.
1573 3805 1633 3884 2441Ι

480 3911 664 3988 Inslr'nguere
686 3913 766 3989 alqm
789 3915 819 3973 in
847 3913 956 3973 bellum
984 3913 1143 3974 insolenter
1171 3915 1275 3975 dicitur
1301 3933 1354 3992 pro
1380 3914 1503 3975 incitare
1525 3914 1564 3974 ad
1585 3909 1634 3970 bel·

395 4013 456 4072 lum
482 4030 504 4084 1,
529 4029 568 4085 12,
594 4031 619 4073 1:
646 4015 782 4075 instincta
803 4016 833 4075 in
857 4015 965 4075 bellum
988 4014 1109 4076 Achaia.
1154 4016 1246 4077 Paulo
1268 4033 1357 4094 supra
1379 4015 1520 4078 invenies:
1545 4013 1634 4076 Corin·

395 4115 461 4174 thiis
483 4115 512 4176 in
534 4114 642 4176 bellum
665 4117 879 4193 instigantibus.

481 4214 675 4293 Interprelarr'
687 4218 763 4297 alqd
783 4229 838 4296 pre
856 4220 925 4298 alqa
947 4237 979 4280 re
1000 4236 1025 4292 2,
1048 4220 1094 4298 83,
1117 4235 1146 4280 22
1170 4221 1356 4281 clementiam
1378 4221 1493 4281 victoris
1516 4239 1571 4298 pro
1592 4233 1637 4278 sua

396 4319 500 4378 virtute
526 4319 770 4396 interpretabatur
791 4321 818 4399 (i.
841 4339 866 4382 e.
890 4324 1075 4384 clementiam
1103 4323 1218 4384 victoris
1241 4323 1375 4384 Caesaris
1398 4341 1458 4382 non
1480 4341 1535 4399 pro
1558 4323 1638 4381 bene·

396 4419 461 4480 ficio
483 4420 623 4492 habebat,
651 4421 702 4482 sed
724 4440 756 4482 se
777 4424 880 4485 virtute
907 4441 961 4484 sua
983 4443 1001 4484 a
1024 4424 1151 4485 Caesare
1173 4433 1306 4502 spectata
1333 4441 1399 4484 eam
1427 4425 1569 4485 meruisse
1591 4419 1639 4481 dici

396 4520 531 4599 volebat).
567 4522 613 4583 Cl.
635 4523 714 4601 Sulp.
737 4524 799 4585 Sev.
822 4525 923 4587 chron.
946 4544 971 4598 2,
994 4544 1045 4605 40,
1071 4545 1095 4586 22
1118 4527 1187 4604 quin
1210 4527 1298 4588 etiam
1321 4525 1465 4606 synodum
1483 4525 1639 4586 Nicaenam

396 4642 450 4702 pro
473 4642 504 4685 se
526 4625 759 4703 interpretantes.
783 4657 823 4672 -
846 4626 1042 4705 Interpretari
1060 4629 1210 4690 victoriam
1234 4635 1266 4688 rel
1285 4647 1370 4690 suam
1392 4645 1418 4700 2,
1439 4628 1489 4702 80,
1511 4644 1539 4689 2.

484 5098 832 5356 l‘*
