3346 5454
614 459 819 540 413.-

84 647 120 706 C.
145 647 234 707 Atilio
257 655 287 708 et
308 649 343 706 A.
367 647 486 707 Servilio
509 665 583 707 coss.
610 656 672 708 tam
704 647 795 709 facilis
827 657 905 710 esset
936 669 1081 710 annorum
1110 651 1234 729 digestio
1260 651 1344 727 (Plin.
1376 711 1378 715 .

87 748 179 828 mai).
202 748 263 810 Cic.
283 751 320 809 de
342 757 416 810 orat.
435 765 461 825 3,
481 765 525 826 53,
548 764 603 826 205
626 759 791 820 ,enumerat
809 752 1003 828 digestionem
1025 753 1227 836 inte5figuras
1246 754 1344 814 rheto-

85 853 164 911 ricas
188 852 398 911 sententiarum
421 859 451 910 et
474 851 586 910 videtur
608 850 770 928 intelligere
792 853 1034 923 distributionem,
1058 871 1117 931 qua
1140 854 1269 931 pluribus
1291 874 1343 933 po·

84 954 157 1024 sitis,
181 971 267 1013 suum
289 953 410 1029 singulis
432 952 562 1011 redditur
580 954 756 1024 membrum,
780 953 896 1014 Graece
911 947 1073 1036 μερισμὸν
1096 957 1141 1015 vel
1164 952 1343 1040 διαίρεσιν.

84 1055 211 1114 Forcell.
235 1055 347 1114 DeVit
367 1053 496 1131 (Quint).

157 1157 289 1215 »Debitio
321 1156 359 1215 de
385 1156 591 1217 distribuendis
622 1157 747 1235 praediis
777 1175 827 1234 per
854 1157 1070 1240 triumvirorum
1096 1161 1341 1238 conscriptionem

83 1266 244 1335 usurpatur
266 1274 294 1326 2,
319 1273 368 1333 74,
393 1275 422 1316 2:
449 1260 499 1335 qui
522 1261 654 1319 instituta
682 1259 820 1319 divisione
840 1257 911 1336 (‚bei
933 1260 1014 1319 einer
1036 1261 1343 1338 Aclrervertheilung‘)

82 1361 274 1436 praediorum
292 1360 508 1437 nominatisque
526 1362 648 1420 coloniis
665 1379 754 1436 agros
772 1362 931 1420 amiserant
946 1359 1030 1436 (Tac.
1049 1381 1117 1421 ann.
1138 1379 1159 1433 1,
1181 1357 1236 1439 10).
1273 1364 1341 1424 Vim

76 1463 236 1538 partiendi
254 1461 344 1520 habet
362 1462 442 1539 apud
463 1461 532 1522 Sall.
555 1462 623 1543 Jug.
648 1461 689 1536 16,
715 1477 747 1540 53
770 1463 844 1522 inter
866 1464 975 1538 figuras
997 1463 1156 1523 rhetoricas
1178 1463 1301 1524 refertur
1323 1485 1341 1525 a

83 1563 240 1623 Cicerone.

173 1665 341 1725 Dominium
360 1682 414 1742 pro
434 1667 630 1738 dominatione,
649 1667 795 1725 dominatu
813 1662 930 1742 ponitur
947 1681 972 1736 2,
991 1663 1040 1743 80,
1058 1683 1090 1740 4:
1109 1666 1168 1726 vita
1185 1685 1342 1745 rerumque

83 1785 215 1832 suarum,
240 1768 403 1826 dominium
426 1769 453 1826 ei
475 1784 617 1828 concessa
638 1776 705 1827 sunt
726 1764 803 1841 (Val.
825 1766 916 1838 Max,
939 1768 1007 1826 Sen.
1029 1766 1115 1844 phil).
1159 1767 1262 1827 Cicero
1284 1770 1341 1827 hac

82 1885 162 1926 voce
183 1885 237 1944 pro
259 1869 392 1927 convivio
414 1868 512 1941 utitur,
535 1869 606 1947 quia
628 1869 764 1929 dominus
782 1868 928 1928 interdum
949 1877 1079 1941 vocatur,
1103 1870 1152 1946 qui
1175 1871 1339 1930 convivium

80 1970 213 2028 exhibet.
1173 1969 1176 1974 ’
1330 1969 1334 1977 ”

173 2072 290 2132 Electeo.
334 2072 503 2131 Electionem
526 2075 598 2130 dore
619 2089 674 2149 pro
696 2090 741 2142 eo,
764 2072 844 2150 quod
867 2078 911 2131 est
933 2071 1013 2148 apud
1034 2072 1161 2148 optimos
1183 2071 1340 2149 scriptores
1411 2135 1414 2139 ,

81 2176 222 2249 optionem
237 2177 315 2246 dore,
326 2174 441 2252 facere,
460 2174 605 2232 invenitur
623 2189 651 2243 2,
666 2187 712 2248 72,
729 2188 761 2249 5:
780 2174 887 2250 quippe
905 2172 1017 2231 nullum
1036 2171 1211 2232 habentibus
1229 2179 1339 2233 statum

81 2274 208 2350 quilibet
234 2275 293 2333 dux
319 2263 394 2335 erat'
408 2257 545 2346 idoneus,
572 2293 640 2334 cum
664 2275 783 2334 fortuna
809 2293 870 2334 non
897 2275 1071 2334 electionem
1094 2275 1178 2335 daret
1203 2274 1278 2351 (Sen.
1302 2267 1339 2335 de

80 2393 167 2450 prov.
191 2389 281 2451 3,11;
303 2376 377 2435 Plin.
400 2395 447 2454 ep.
470 2394 492 2446 1,
515 2391 562 2446 20,
585 2374 638 2452 22).
673 2375 735 2434 Liv.
758 2391 804 2451 34,
825 2392 867 2452 19,
886 2393 916 2451 3:
939 2377 1112 2436 electionem
1137 2378 1211 2436 ferre
1233 2377 1339 2452 legitur
1364 2367 1367 2373 ⁴

81 2487 113 2536 et
135 2475 182 2553 38,
205 2477 232 2544 8,
255 2493 284 2552 5:
308 2477 480 2537 electionem
501 2477 674 2554 relinquere.
718 2475 764 2536 Ci.
786 2477 960 2547 Boetticher,
982 2477 1066 2536 lexic.
1089 2477 1183 2536 Tacit.
1206 2497 1234 2554 p.
1257 2465 1317 2553 171.¹

170 2579 336 2638 Eminentia
357 2597 444 2639 sensu
466 2586 604 2639 concreto
626 2576 731 2637 dicitur
753 2576 790 2637 de
807 2578 981 2647 hominibus,
1005 2578 1054 2655 qui
1074 2577 1215 2656 cujusque
1231 2580 1338 2638 artium

81 2682 201 2757 generis
219 2680 355 2757 operibus
374 2682 502 2756 insignes
520 2679 637 2739 suerunt
656 2696 677 2750 1,
694 2695 733 2754 17,
748 2694 781 2754 4:
799 2679 959 2739 eminentia
973 2680 1113 2756 cujusque
1126 2681 1222 2757 operis
1236 2681 1338 2740 arctis·

80 2784 164 2842 simis
187 2791 353 2860 temporum
380 2781 514 2842 claustris
542 2781 736 2850 circumdata;
763 2798 817 2857 pro
844 2767 1041 2856 prominentia
1063 2781 1281 2857 separatimque
1308 2782 1336 2842 in

79 2885 203 2960 picturis
225 2885 361 2960 opposita
382 2885 493 2943 umbris
515 2883 589 2941 haec
611 2899 668 2939 vox
690 2881 768 2957 apud
792 2881 964 2940 Ciceronem
986 2889 1091 2941 exstat.
1344 2877 1346 2884 '

65 3037 72 3044 ,
169 2985 319 3044 Excessus
340 2986 456 3062 propria
478 2982 693 3059 significatione
709 2983 828 3059 ponitur
848 3001 869 3052 1,
891 2997 929 3058 15,
951 2999 976 3041 1:
999 3001 1096 3059 neque
1108 2982 1252 3060 'proximis
1270 2988 1338 3060 post

81 3105 238 3147 excessum
255 3087 317 3165 ejus
334 3084 529 3162 (Hannibalis)
551 3085 635 3144 annis
652 3085 767 3143 vacavit
785 3083 928 3142 Romanis
946 3084 1077 3144 colonias
1094 3085 1234 3156 condere;
1258 3086 1337 3162 apud

80 3189 259 3250 Ciceronem
281 3207 396 3266 semper
418 3206 471 3266 pro
493 3193 581 3245 morie
602 3194 760 3263 usurpatur
781 3185 926 3262 (excessus
949 3205 966 3246 e
988 3183 1067 3265 vita).

169 3289 296 3350 Exeium
315 3291 391 3350 vitae
413 3291 574 3366 mortisque
596 3289 705 3348 babere
728 3289 872 3349 invenitur
894 3305 918 3358 2,
939 3303 963 3364 7,
984 3306 1005 3359 r,
1028 3306 1127 3348 rarum
1150 3297 1179 3348 et
1198 3295 1337 3365 argutum

81 3391 202 3452 dicendi
220 3409 313 3466 genus
330 3407 398 3470 pro:
420 3392 548 3454 violento
566 3391 668 3449 mortis
685 3407 795 3466 genere
813 3390 916 3468 perire.
953 3391 998 3451 ct.
1017 3391 1136 3450 Ruhnk.
1159 3392 1197 3450 ad
1212 3409 1248 3461 .2,
1268 3407 1293 3467 7,
1314 3408 1335 3462 1,

78 3495 130 3570 qui
153 3493 258 3552 mortis
281 3493 390 3557 exitum
413 3492 450 3551 de
472 3493 599 3551 violento
621 3493 722 3550 mortis
744 3509 853 3566 genere
876 3493 1094 3569 diciexemplis
1117 3491 1211 3552 docet.

167 3595 255 3654 Finis
277 3613 296 3654 a
314 3594 428 3672 Vellejo
451 3595 546 3670 primo
567 3612 621 3671 pro
643 3595 700 3652 fine
722 3593 799 3653 vitae
822 3601 978 3668 usurpatur
1000 3609 1153 3670 2,123,3:
1176 3613 1232 3654 nec
1250 3594 1332 3671 quic·

76 3714 171 3774 quam
185 3697 248 3774 jam
258 3696 295 3754 de
305 3697 371 3770 fine,
385 3690 409 3754 si
423 3693 485 3754 fata
498 3701 662 3773 poscerent,
677 3711 827 3754 recusans.
844 3693 895 3779 Cf.
906 3694 1164 3773 Krebs·Allgayer,
1180 3695 1334 3756 Antibarb.

76 3798 125 3857 ed.
146 3799 185 3855 V.
204 3817 232 3875 p.
250 3773 354 3872 47b⁸et
371 3797 514 3858 Boettich.
532 3797 615 3858 lexic.
633 3796 730 3856 Tacit.
749 3814 778 3872 p.
798 3812 860 3874 ι99.
896 3797 1000 3856 Itlnr'ri
1015 3821 1056 3845 =
1074 3800 1152 3855 mori
1166 3796 1227 3856 Cic.
1245 3806 1334 3874 poeta

75 3900 107 3958 in
130 3899 224 3959 Tusc.
248 3914 275 3970 1,
298 3898 349 3972 48,
374 3913 432 3973 115.
1084 3969 1088 3974 .

165 4001 283 4077 Fulgor
300 4000 416 4077 saepius
434 4001 575 4078 reperitur
593 4000 673 4076 apud
687 4000 832 4078 Vellejum
847 4000 989 4059 translata
1002 3995 1221 4075 significatione,
1240 3999 1334 4058 velut:

74 4103 179 4179 fulgor
201 4121 270 4162 suus
294 4117 326 4172 2,
350 4119 403 4178 99,
426 4117 455 4173 2;
480 4103 500 4161 f.
523 4103 617 4162 avitus
639 4117 667 4172 2,
692 4118 724 4175 4,
748 4099 780 4172 67
804 4100 830 4160 f.
846 4100 988 4161 adventus
1010 4100 1145 4160 Caesaris
1167 4116 1196 4172 2,
1220 4116 1275 4178 50,
1299 4118 1331 4176 43

77 4204 96 4262 f.
120 4206 287 4263 carminum
312 4220 338 4271 1,
361 4217 395 4279 5,
421 4219 443 4261 1.

166 4306 325 4380 Ingressus
347 4303 426 4381 apud
441 4303 584 4382 Vellejum
608 4303 735 4380 primum
758 4305 875 4380 proprie
896 4311 992 4364 exstat
1014 4304 1230 4382 praepositione
1252 4308 1283 4363 in
1306 4323 1330 4366 c.
1363 4313 1365 4318 ’

76 4425 179 4470 accus.
206 4405 310 4465 addita
336 4403 419 4480 (‚das
441 4403 678 4481 Hineingehen‘)
706 4421 737 4475 2,
762 4405 812 4480 63,
835 4421 864 4463 2:
896 4405 951 4464 sub
974 4405 1084 4463 Antoni
1110 4406 1275 4481 ingressum
1302 4407 1333 4466 in

74 4517 177 4570 castra
199 4507 351 4586 Juventius
369 4505 536 4566 Laterensis
559 4525 591 4568 se
614 4507 675 4583 ipse
697 4507 840 4566 transfixit
862 4507 942 4584 (Plin.
965 4525 1033 4584 pan.
1058 4523 1085 4582 5,
1110 4524 1141 4582 4;
1161 4505 1211 4585 ep.
1236 4507 1277 4579 ro,
1302 4524 1339 4582 17.
1374 4489 1376 4494 ¹

74 4609 149 4689 (28),
172 4625 203 4683 43
231 4611 343 4694 Auson.
366 4609 452 4686 edyll.
476 4609 504 4668 6.
531 4609 615 4687 epist.
636 4609 731 4668 Paulo
759 4627 812 4668 suo
841 4628 869 4686 p.
894 4609 944 4686 167
972 4611 1018 4669 ed.
1036 4607 1117 4688 'Bip.;
1144 4603 1239 4687 Spa'rt.
1266 4609 1333 4669 Ser.
1402 4607 1408 4614 “
