3346 5454
844 419 1049 478 „10-

321 607 359 664 de
382 605 438 666 hoc
461 623 570 681 genere
592 607 716 664 militum
738 608 898 666 sententias
925 606 1072 681 expositas
1099 605 1236 664 invenies.
1281 606 1379 666 Locus
1404 607 1586 688 Vellejanus

228 699 230 707 ⁴
321 715 365 767 est
387 721 417 777 2,
442 720 506 777 110,
530 706 561 766 6:
594 726 720 783 magnus
743 709 955 768 vexillariorum
982 724 1121 766 numerus
1144 707 1183 765 ad
1205 707 1438 767 internecionem
1461 727 1584 769 caesus.

322 806 398 866 Vide
420 809 510 868 etiam
528 807 582 868 Ch.
601 807 634 867 C.
652 807 685 865 L.
700 807 812 884 Lange,
831 809 896 868 hist.
916 815 990 872 mut,
1012 808 1052 867 rei
1070 807 1202 867 militaris
1219 807 1316 880 Rom,
1337 807 1474 886 Gotting.
1495 810 1580 885 1846.

319 913 363 983 4⁰.
387 929 414 986 p.
437 926 489 987 45;
511 908 699 986 Marquardt,
723 910 828 969 Roem.
850 910 1043 969 Alterthuem.
1066 909 1124 978 ΙΙΙ,
1147 924 1163 967 2
1186 928 1214 986 p.
1238 908 1297 984 366
1319 928 1383 987 sqq.

412 1013 547 1070 isendicta·
560 1029 614 1088 pro
632 1013 885 1081 anenzadzersione,
908 1013 1013 1069 ultione
1034 998 1193 1086 usurpatur
1209 1025 1234 1080 2,
1253 1026 1298 1086 92,
1317 1025 1348 1085 31
1379 1013 1569 1072 consularem

319 1114 342 1170 si
365 1113 394 1171 in
417 1131 556 1190 campum
574 1111 803 1183 descendissent,
826 1112 984 1172 vindictam
1002 1113 1129 1180 minatus
1147 1120 1204 1182 est;
1227 1128 1252 1181 2,
1278 1127 1335 1185 114,
1358 1129 1389 1187 31
1412 1112 1583 1174 admonitio

320 1215 469 1290 frequens,
493 1215 638 1274 interdum
660 1223 689 1275 et
711 1215 880 1291 castigatio,
907 1214 1037 1273 vindicta
1058 1213 1215 1272 rarissima.
1260 1213 1374 1274 Eadem
1401 1213 1583 1290 significatio
1643 1289 1644 1300 ἵ

318 1315 402 1393 hujus
428 1317 507 1376 vocis
536 1318 677 1394 reperitur
708 1317 788 1394 apud
815 1316 954 1374 Tacitum
986 1323 1016 1373 et
1042 1315 1227 1392 Juvenalem;
1255 1314 1334 1392 apud
1366 1324 1477 1376 veteres
1506 1317 1580 1376 scri·

317 1423 416 1493 ptores
439 1420 562 1477 vendreia
584 1420 642 1477 vim
664 1418 849 1486 liberationis,
872 1417 1049 1497 defensionis
1070 1417 1168 1476 habet.
1181 1447 1223 1458 -

402 1517 566 1579 Nonnullas
597 1537 683 1579 voces
716 1536 882 1595 vocumque
914 1517 1141 1593 significationes
1168 1517 1346 1597 Vellejusa
1377 1521 1577 1596 superioribus

317 1620 410 1695 poetis
433 1619 603 1696 desumpsit.
647 1621 720 1679 Sunt
742 1620 798 1678 hae
821 1620 894 1678 fere:

401 1721 547 1796 Auspiciis
569 1720 640 1799 ach's
666 1703 732 1797 pro’:
760 1724 856 1796 alr'quo
883 1722 959 1803 duce,
992 1724 1162 1794 imperatore
1184 1735 1209 1790 2,
1237 1735 1284 1796 39,
1314 1734 1340 1790 1;
1368 1737 1393 1790 2,
1417 1737 1466 1794 4ο,
1493 1738 1521 1790 1;
1550 1737 1576 1787 2,

321 1837 380 1898 129,
399 1839 419 1895 4
441 1821 533 1894 (Hor,
557 1822 623 1895 Ov.,
646 1821 753 1898 Verg.).

405 1923 606 1983 Comm'r'litium
626 1924 663 1982 de
685 1924 856 1982 condicione
878 1941 989 1994 eorum,
1013 1924 1062 1999 qui
1082 1940 1143 1983 una
1165 1923 1298 1992 militant,
1323 1922 1383 1981 fere
1405 1941 1459 2000 pro
1482 1925 1575 1982 socie-

318 2032 380 2085 tate
402 2026 524 2086 militiae
546 2025 650 2084 dicitur
675 2041 701 2094 2,
724 2041 770 2102 29,
797 2040 826 2102 5:
854 2027 901 2084 hic
917 2019 941 2085 'a
959 2034 1031 2101 toga
1053 2023 1125 2083 virili
1151 2031 1286 2084 assuetus
1312 2024 1484 2083 commilitio
1505 2043 1575 2101 pru·

315 2126 478 2187 dentissimi
500 2127 584 2187 ducis
606 2128 757 2203 ingenium
775 2128 943 2187 excoluerat
960 2125 1080 2201 (Quint,
1102 2126 1187 2197 Tac,
1206 2125 1279 2185 Plin.
1298 2143 1353 2202 ep,
1373 2123 1457 2204 Just,
1477 2126 1576 2200 Flor.).

315 2226 437 2286 Ovidius
459 2229 570 2304 primus
593 2247 646 2305 per
669 2229 890 2288 translationem
917 2231 973 2288 hoc
999 2229 1178 2305 vocabulum
1202 2228 1239 2287 de
1265 2229 1404 2288 societate
1430 2246 1575 2304 quacum·

317 2345 376 2406 que
403 2329 501 2405 posuit
522 2330 552 2387 in
575 2329 658 2407 epist.
686 2348 722 2387 ex
743 2330 839 2389 Ponto
861 2335 886 2406 2,'
908 2345 933 2406 5,
957 2345 1003 2406 72:
1027 2339 1056 2389 et
1073 2330 1233 2390 commilitii
1255 2348 1340 2390 sacra
1357 2329 1469 2389 tuenda
1486 2339 1578 2407 putas
1643 2355 1644 2400 1

316 2423 348 2504 [i.
363 2446 388 2488 e.
405 2431 645 2489 communionem
663 2427 839 2508 studiorum]
853 2428 949 2507 (Apul.
966 2432 1030 2490 flor.
1048 2447 1074 2507 3.
1093 2448 1142 2490 n0.
1162 2430 1195 2491 16
1213 2449 1241 2510 p.
1260 2447 1305 2506 24,
1326 2447 1360 2490 ιο
1379 2431 1426 2491 ed.
1439 2429 1576 2506 Krueg.).

399 2530 463 2588 Dos
484 2549 539 2607 pro
560 2535 673 2603 virtute,
696 2535 834 2590 commodo
857 2540 1011 2608 poetarum
1033 2532 1123 2591 modo
1141 2533 1244 2592 dicitur
1264 2550 1285 2603 1,
1306 2548 1344 2604 12,
1363 2549 1394 2608 31
1416 2535 1460 2592 vir
1476 2535 1573 2592 omni·

315 2634 369 2691 bus
392 2634 460 2693 belli
482 2653 519 2693 ac
540 2641 631 2710 togae
654 2635 770 2694 dotibus
793 2635 1038 2694 eminentissimus
1061 2623 1171 2694 saeculi
1192 2635 1236 2694 sui
1258 2631 1346 2707 (Suet.
1371 2634 1430 2693 Tit.
1455 2631 1492 2709 3).
1523 2633 1574 2693 Cf.

314 2735 573 2813 Krebs·Allgayer,
591 2738 745 2796 Antibarb.
768 2738 815 2795 ed.
833 2737 871 2795 V.
894 2755 923 2812 p.
941 2735 1008 2811 384.
1106 2775 1114 2786 ·
1642 2813 1643 2816 Ἴ

399 2834 554 2911 Eloquium
577 2855 631 2913 pro
653 2839 808 2912 eloquentia
830 2853 855 2907 2,
879 2836 926 2907 68,
951 2855 978 2896 11
1000 2836 1043 2896 M.
1065 2836 1191 2910 Coelius,
1214 2837 1258 2896 vir
1275 2838 1393 2914 eloquio
1411 2838 1575 2914 animoque

314 2936 434 2996 Curioni
461 2939 633 2999 simillimus.
673 2939 742 2998 Hac
769 2957 841 2999 voce
863 2940 979 3016 poetica
1006 2941 1079 2998 inter
1106 2939 1221 2999 solutae
1247 2939 1387 2998 orationis
1415 2940 1574 3015 scriptores

313 3037 442 3117 Vellejus
465 3041 574 3115 primus
592 3057 662 3099 usus
684 3049 729 3100 est
746 3038 822 3116 (Val.
839 3041 921 3101 Max.
946 3059 967 3112 r,
988 3040 1015 3100 6.
1035 3050 1092 3100 ext.
1110 3057 1142 3117 33
1160 3041 1233 3100 Plin.
1251 3041 1280 3100 h.
1298 3059 1327 3100 n.
1347 3057 1383 3111 rr,
1404 3056 1435 3116 17
1452 3037 1513 3119 (18),
1531 3057 1571 3116 55

314 3149 344 3199 et
366 3156 460 3217 saep.;
483 3141 549 3200 Sen.
572 3142 610 3201 de
631 3143 675 3202 ira
694 3160 722 3218 3,
744 3138 779 3216 2).
1641 3135 1642 3154 ’

398 3244 547 3319 Fragmen
570 3262 626 3303 vox
649 3264 668 3303 a
690 3245 784 3322 poetis
806 3241 884 3320 (Ov.,
910 3245 1015 3320 Verg.,
1042 3242 1140 3319 Lucr.)
1161 3244 1331 3320 saepissime
1353 3253 1493 3320 usurpata
1515 3263 1573 3322 pro

303 3344 481 3423 fragmento
498 3346 640 3421 reperitur
657 3361 682 3415 2,
701 3362 728 3420 3,
746 3361 776 3404 21
800 3344 945 3420 fragmine
963 3344 1080 3406 subselli
1098 3345 1172 3404 ictus
1189 3346 1280 3403 vitam
1298 3346 1456 3405 immatura
1473 3354 1572 3405 morte

313 3444 403 3503 finivit
424 3443 497 3519 (Col.
520 3462 547 3520 9,
573 3462 611 3523 15,
637 3461 681 3522 13;
708 3447 787 3506 Suet.
810 3447 854 3506 Cl.
875 3447 920 3518 18;
943 3446 1012 3506 Ner.
1035 3445 1090 3522 26).

397 3547 483 3605 Lina
504 3565 556 3625 per
577 3548 801 3607 translationem
823 3549 927 3608 dicitur
948 3567 1002 3625 pro
1024 3550 1221 3618 emendatione,
1243 3550 1413 3624 expolitione
1436 3563 1461 3616 2,
1485 3564 1512 3623 9,
1535 3563 1569 3623 31
1640 3593 1641 3608 .

312 3647 388 3707 adeo
413 3658 446 3708 ut
473 3651 502 3708 in
529 3649 584 3709 iliis
610 3650 675 3727 plus
697 3651 800 3720 limae,
823 3652 854 3708 in
876 3651 933 3710 hoc
951 3667 1047 3727 paene
1069 3648 1135 3725 plus
1157 3649 1290 3708 videatur
1308 3648 1397 3707 fuisse
1414 3650 1569 3724 sanguinis
1639 3611 1641 3746 i

311 3747 403 3825 (Hor,
423 3749 488 3821 Ov.,
507 3749 618 3823 Quint,
633 3749 707 3810 Plin.
722 3751 788 3828 ep).
816 3752 861 3811 Cf.
877 3752 937 3811 Cic.
961 3753 1040 3811 Brut.
1056 3767 1101 3826 24,
1117 3767 1169 3827 931
1187 3752 1314 3811 limatius
1329 3750 1443 3810 dicendi
1462 3770 1567 3827 genus.
1640 3749 1641 3799 l

401 3852 489 3911 Orbis
507 3853 642 3912 absolute
660 3852 764 3912 dicitur
782 3872 835 3930 pro
853 3853 918 3912 orbe
935 3861 1082 3912 terrarum
1101 3869 1125 3924 2,
1147 3869 1205 3926 124,
1227 3871 1253 3911 11
1275 3854 1339 3930 quis
1361 3853 1440 3911 orbis
1458 3860 1569 3922 metus3

312 3961 341 4011 et
355 3971 444 4029 supra
458 3955 487 4012 in
506 3955 612 4014 eadem
626 3956 828 4032 paragrapho:
846 3957 929 4034 cujus
942 3957 1020 4014 orbis
1038 3955 1153 4014 ruinam
1166 3955 1358 4014 timueramus
1370 3951 1445 4027 (Ov.,
1456 3951 1568 4029 Verg.).

312 4054 394 4112 Alter
416 4056 494 4114 orbis
515 4070 542 4127 2,
559 4056 608 4130 46,
629 4072 654 4115 r:
678 4056 803 4115 alterum
822 4075 918 4133 paene
940 4057 1061 4134 irnperio
1079 4064 1181 4117 nostro
1198 4075 1343 4134 quaerens
1365 4057 1468 4114 orbem
1492 4057 1569 4125 ,eine

311 4156 410 4214 aweite
430 4157 524 4215 Welt‘.
555 4157 600 4217 Cf.
622 4157 700 4217 Flor.
719 4156 745 4233 3,
766 4174 810 4229 10,
830 4157 877 4216 161
899 4158 984 4234 quasi
1002 4157 1049 4216 hic
1067 4157 1219 4218 Romanus
1238 4158 1316 4217 orbis
1333 4175 1394 4217 non
1412 4157 1569 4232 sufficeret,

311 4255 435 4315 alterum
458 4259 605 4332 cogitavit.

397 4357 487 4417 Pacta
510 4359 614 4419 dicitur
636 4379 689 4438 pro
712 4372 815 4437 sponsa
837 4369 996 4438 praeeunte
1019 4359 1109 4435 Verg.
1132 4360 1207 4419 Aen.
1231 4373 1275 4429 10,
1299 4373 1335 4437 79
1359 4359 1438 4435 apud
1461 4360 1566 4438 Velle'p

215 4467 217 4472 '
312 4475 333 4528 1,
360 4475 381 4528 1,
405 4475 435 4534 3:
458 4461 537 4538 quod
560 4470 665 4537 pactae
687 4464 748 4541 ejus
771 4461 946 4522 Hermiones
974 4463 1091 4538 nuptias
1114 4466 1323 4537 occupaverat,
1351 4461 1473 4536 Delphis
1497 4475 1566 4519 eum

309 4561 461 4621 interfecit.
