3346 5454
101 641 197 715 semet
223 654 287 730 ipsa
314 655 352 713 ab
379 655 442 715 aliis
470 661 679 733 separaverunt
705 653 775 733 (Lis.
806 671 832 724 1,
857 669 900 730 15,
924 668 939 730 7
967 671 1045 712 nunc
1073 651 1198 711 editores
1227 649 1360 728 profecto

102 775 156 834 pro
182 755 324 834 profectu
337 756 521 832 scripserunt,
545 755 618 827 Cot,
641 755 708 815 Seu.
731 773 785 832 ep,
807 753 918 827 Quint,
941 755 1015 813 Plin.
1039 772 1093 830 ep,
1117 751 1212 830 Suet).

190 859 316 931 Pythius
338 876 391 935 pro
414 858 596 918 substantivo
618 875 672 934 pro
694 874 739 928 eo,
763 857 844 934 quod
866 865 911 916 est
933 854 1012 933 apud
1030 856 1217 915 Ciceronem:
1240 853 1360 932 Pythius

103 960 210 1036 Apollo
233 960 278 1018 vel
297 967 387 1030 vates,
411 960 490 1036 apud
508 959 603 1019 solum
622 955 767 1037 Vellejum
786 955 899 1018 videtur
921 966 1037 1018 exstare
1057 975 1078 1029 1,
1097 973 1121 1028 2,
1143 974 1169 1016 1:
1192 955 1359 1031 respondis·
1399 1004 1401 1009 .

104 1070 207 1138 setque
229 1061 357 1137 Pythius.

191 1161 323 1238 Scalplor
345 1162 450 1221 dicitur
470 1161 503 1234 is,
527 1161 577 1240 qui
595 1180 744 1221 marmora
762 1164 865 1238 scalpit
885 1160 912 1240 (a
934 1163 1023 1221 verbo
1041 1161 1193 1235 scalpendi,
1216 1158 1296 1236 quod
1318 1158 1360 1218 le·

103 1265 182 1340 gitur
204 1282 264 1323 uno
290 1263 357 1322 loco
384 1266 463 1340 apud
486 1263 547 1324 Cic.
571 1263 608 1323 de
630 1273 690 1322 nat.
713 1263 792 1323 deor.
814 1278 843 1333 2,
863 1277 914 1338 50,
941 1261 1002 1339 150)
1027 1280 1052 1334 1,
1077 1276 1121 1338 17,
1144 1277 1178 1335 4:
1201 1263 1258 1320 hoc
1280 1259 1359 1320 idem

103 1366 235 1425 evenisse
257 1365 472 1440 grammaticis,
496 1366 605 1441 plastis,
628 1365 799 1442 pictoribus,
823 1354 1017 1441 scalpforibus
1040 1363 1170 1441 quisquis
1192 1371 1360 1438 temporum

102 1467 237 1526 institerit
259 1467 335 1526 notis
357 1467 482 1543 reperiet
503 1459 585 1541 (Plin.
607 1466 675 1544 maj.
698 1474 728 1526 et
749 1463 839 1540 min).
874 1465 943 1526 Hoc
964 1459 1141 1524 vocabulum
1161 1467 1223 1542 J'am
1245 1471 1360 1540 tempo-

102 1569 191 1638 ribus
214 1586 291 1644 quae
313 1577 381 1627 sunt
402 1577 472 1628 ante
492 1569 645 1646 Vellejum,
667 1585 723 1627 usu
745 1570 845 1628 tritum
863 1569 960 1638 luisse,
984 1585 1165 1645 quamquam
1188 1565 1264 1624 forte
1285 1583 1358 1640 qua·

103 1671 175 1730 dam
196 1687 256 1728 non
278 1674 375 1730 exstat
396 1669 426 1728 in
449 1669 571 1747 scriptis,
593 1687 671 1746 quae
689 1667 728 1733 ad
750 1678 882 1730 nostram
905 1678 1033 1730 aetatem
1055 1674 1288 1745 permanserunt,
1311 1685 1360 1724 su·

103 1773 277 1851 spieandum
300 1781 353 1832 est.
441 1847 442 1850 ¹

195 1876 404 1934 Transcursur.
432 1875 567 1952 Vellejus¹
576 1874 686 1951 primus
702 1872 869 1950 frequenter
884 1875 939 1933 hac
954 1889 1025 1931 voce
1039 1873 1127 1931 utitur
1140 1871 1179 1931 ad
1194 1869 1361 1946 significan-

102 1975 174 2036 dam
192 1976 326 2035 dictionis
349 1993 420 2034 suae
442 1976 623 2046 brevitatem,
647 1979 679 2034 ut
697 1992 721 2046 2,
741 1973 789 2046 86,
814 1989 840 2033 1:
863 1975 928 2051 quis
950 1977 979 2033 in
1002 1974 1058 2057 hoc
1080 1981 1248 2032 transcursu
1271 1970 1358 2029 artati

101 2079 200 2156 operis
231 2079 396 2154 exprimere
427 2075 554 2136 audeat?
586 2093 614 2148 2,
643 2092 691 2153 55,
721 2093 746 2136 1:
774 2085 886 2153 quanto
913 2076 1013 2134 omnia
1039 2084 1207 2134 transcursu
1234 2071 1361 2132 dicenda

101 2191 184 2251 sunt;
208 2196 233 2249 2,
257 2196 305 2255 99,
329 2196 362 2251 41
388 2177 458 2236 illud
482 2178 572 2238 etlam
596 2180 625 2238 in
652 2179 708 2238 hoc
735 2187 904 2238 transcursu
926 2177 1084 2236 dicendum
1107 2183 1151 2235 est
1172 2171 1257 2254 (Plin.
1279 2173 1308 2231 h.
1332 2192 1360 2230 n.

103 2298 130 2356 3,
156 2296 172 2356 5
195 2279 246 2358 (6),
268 2297 319 2357 391
346 2280 391 2350 18,
415 2297 444 2354 13
467 2275 538 2357 (34),
567 2279 635 2356 126).
680 2281 737 2340 Pro
763 2283 980 2338 transcursione
1006 2285 1164 2354 usurpatur
1189 2275 1268 2352 apud
1294 2273 1361 2333 Seir.

101 2390 216 2460 quaest.
239 2391 301 2440 nat.
323 2397 348 2451 2,
371 2395 396 2456 7,
421 2398 447 2450 1;
469 2382 547 2441 Suet.
570 2383 647 2457 Aug.
671 2396 722 2458 9ο.
741 2414 781 2426 -

190 2481 245 2543 His
267 2484 386 2543 vocibus
409 2485 497 2543 etiam
517 2485 680 2560 superiores
698 2485 861 2560 scriptores,
881 2484 933 2542 sed
951 2483 1014 2541 aliis
1033 2481 1293 2557 significationibus
1309 2481 1360 2541 ‚usi

102 2593 185 2645 sunt:
365 2575 369 2582 “
1142 2640 1147 2648 ,

190 2677 277 2744 Actus
300 2686 379 2762 apud
406 2695 518 2746 veteres
545 2685 701 2762 scriptores
729 2686 901 2762 plerumque
929 2693 1086 2762 usurpatur
1111 2684 1141 2742 in
1167 2683 1363 2743 locutionibus

103 2806 121 2847 a
146 2807 235 2848 scena
257 2789 362 2864 petitis,
385 2788 437 2847 sed
459 2785 539 2862 apud
557 2795 727 2862 argenteae,
749 2805 827 2863 quae
849 2794 979 2858 vocatur,
1002 2787 1107 2846 aetatis
1130 2787 1286 2862 scriptores
1308 2803 1361 2861 po·

103 2893 182 2950 nitur
204 2889 246 2948 de¹
264 2891 400 2948 omnibus
421 2887 489 2961 ,lere
515 2890 649 2964 negotiis.
694 2889 741 2948 Sic
768 2907 828 2946 uno
856 2889 923 2948 loco
951 2889 1031 2965 apud
1054 2887 1199 2966 Vellejum
1227 2887 1362 2947 absolute

102 3000 202 3052 exstat
218 3009 244 3062 2,
268 3005 324 3068 127,
348 3009 380 3065 4:
408 2990 544 3050 Tiberius
567 2984 681 3050 Caesar
702 2989 843 3068 Sejanum
866 2988 983 3050 Aelium
1010 2991 1190 3066 singularem
1217 2990 1361 3066 principa·

101 3096 173 3152 lium
197 3112 319 3170 operum
341 3083 507 3170 adjutorem
527 3093 558 3151 in
575 3094 677 3151 omnia
699 3093 796 3163 habet,
819 3093 913 3151 virum
931 3093 1092 3152 severitatis
1110 3092 1297 3161 laetissimae,
1319 3091 1363 3149 hi·

103 3195 227 3254 laritatis
249 3196 375 3270 priscae,
403 3203 471 3253 actu
493 3195 592 3253 otiosis
614 3195 793 3254 simillimum
815 3193 892 3270 (Seu.
914 3195 997 3272 phil.,
1026 3194 1142 3267 Quint„
1171 3193 1259 3262 Tac,
1287 3192 1362 3251 Plin.

103 3315 160 3373 ep,
184 3295 277 3366 Suet.;
301 3295 362 3354 Cic.
385 3295 423 3355 de
445 3277 524 3371 legg.
548 3311 570 3365 1,
594 3312 632 3365 11,
656 3313 687 3370 31
711 3313 791 3354 nunc
813 3295 921 3372 legitur
943 3311 996 3373 pro
1019 3297 1114 3371 pravis
1136 3296 1262 3353 actibus:
1285 3311 1363 3369 ,pra-

106 3393 272 3472 vitatibus').
316 3395 412 3475 Hujus
434 3399 513 3456 vocis
536 3398 686 3456 notionem
709 3415 761 3473 per
782 3397 862 3456 hunc
883 3399 1039 3456 verborum
1062 3399 1205 3456 ambitum
1228 3395 1362 3472 exprimit

103 3500 228 3574 scriptor
251 3507 350 3558 noster
372 3514 401 3570 2,
425 3497 475 3576 98,
499 3514 529 3572 3:
558 3499 607 3574 qui
628 3515 706 3574 quae
728 3498 847 3572 agenda
869 3508 937 3559 sunt
963 3506 1046 3558 curet
1067 3501 1130 3558 sine
1152 3499 1212 3557 ulla
1234 3505 1363 3556 ostenta·

103 3603 187 3659 tione
209 3601 326 3678 agendi.
1136 3615 1140 3622 “

189 3703 350 3777 Amplexus
372 3702 582 3784 praeeuntibus
604 3702 698 3778 poetis
716 3700 790 3780 (Ov,
814 3700 916 3778 Verg.)
938 3702 1102 3779 frequenter
1127 3703 1230 3761 dicitur
1252 3701 1290 3761 de
1311 3703 1365 3762 ho-

102 3803 233 3862 minibus
251 3811 280 3862 et
302 3811 347 3862 est
369 3795 477 3862 amoris
499 3810 529 3862 el
551 3804 773 3862 benevolentiae
795 3804 981 3878 significatio,
1001 3811 1034 3862 ut
1052 3821 1076 3875 2,
1102 3820 1160 3879 123,
1183 3821 1214 3881 31
1237 3814 1299 3863 tum
1318 3821 1364 3864 se·

102 3921 207 3963 curum
239 3923 271 3965 se
298 3905 449 3979 'Augustus
479 3903 654 3980 praedicans
686 3903 939 3982 circumfususque
975 3906 1158 3982 amplexibus
1185 3905 1287 3964 Tiberi
1319 3905 1365 3964 sui

102 4006 346 4066 animam'caelo
377 4005 502 4064 reddidit
529 4004 651 4082 (Quint,
680 4005 770 4076 Tac,
797 4007 889 4075 Suet,
919 4005 1019 4068 Valet.
1046 4006 1189 4082 Flaccus).
1239 4006 1299 4066 Cic.
1327 4008 1365 4066 de

102 4108 190 4165 divin.
221 4125 246 4178 1,
270 4107 322 4183 36,
351 4122 387 4183 79
410 4107 466 4165 hoc
494 4107 639 4166 vocabulo
666 4107 703 4166 de
729 4114 866 4184 serpente
893 4109 982 4167 utitur
1009 4107 1159 4185 (serpentis
1188 4107 1361 4185 amplexus);

101 4227 155 4285 per
187 4209 406 4268 similitudinem
438 4211 527 4266 etiarn
555 4228 573 4266 a
599 4208 682 4267 Livio
713 4219 873 4285 usurpatur
899 4209 949 4283 36,
982 4219 1024 4284 17,
1055 4224 1096 4285 15:
1132 4211 1182 4286 qui
1208 4208 1367 4285 (Oceanus)

101 4292 211 4368 orbem
230 4317 374 4369 terrarum
393 4309 536 4386 amplexu
557 4311 621 4369 finit
641 4309 746 4382 (Lucr,
769 4295 842 4370 Plin.
865 4310 953 4389 mai).

190 4413 323 4470 Am'mus.
359 4411 494 4470 Animum
513 4411 616 4470 habere
638 4428 705 4488 pro:
728 4415 759 4471 r‘n
782 4416 877 4470 antino
901 4413 1012 4488 habere,
1035 4418 1066 4472 in
1084 4417 1212 4473 antinum
1235 4416 1367 4472 inducere

103 4522 200 4573 exstat
219 4529 243 4583 2,
263 4531 291 4586 4,
311 4531 342 4588 41
365 4512 523 4589 respondit,
548 4513 571 4572 si
591 4514 615 4573 is
637 4513 831 4590 occupandae
851 4514 1028 4590 reipublicae
1051 4515 1183 4574 animum
1206 4514 1368 4583 habuisset,-

102 4617 168 4693 jure
179 4613 451 4674 caesum-Haec
466 4614 591 4674 elocutio
608 4616 686 4690 apud
697 4615 810 4694 nullum
820 4615 909 4672 alium
925 4616 1095 4691 scriptorem
1110 4615 1230 4674 inveniri
1245 4615 1364 4673 videtur.
