3346 5454
139 1469 216 1572 or
245 1469 606 1576 elocuntur
636 1476 691 1578 n.
721 1431 954 1584 vrrtrv
985 1480 1325 1589 raventun.

673 1709 802 1748 scnlrslu

515 1836 721 1898 HENRICUS
744 1837 945 1898 GEORGES·.

187 2137 235 2198 Ad
257 2140 451 2200 elocutionem
474 2141 516 2200 lll.
540 2142 644 2220 Velleji
665 2142 811 2201 Paterculi
833 2141 1011 2202 ‘si‘animum
1034 2145 1224 2216 attendimus,
1248 2149 1359 2208 inveni·

98 2257 167 2298 mus
185 2241 224 2299 de
240 2259 277 2300 ea
290 2243 329 2301 ab
343 2243 406 2302 aliis
424 2243 508 2302 aliter
523 2243 686 2322 judicatum
704 2262 779 2304 esse.
805 2245 986 2304 Exstiterunt
1004 2247 1083 2306 e'nirn
1100 2265 1162 2306 non
1180 2248 1275 2307 solum
1295 2251 1357 2327 ejus

97 2340 280 2413 laudatores,
313 2343 366 2403 sed
393 2345 482 2404 etiarn
509 2345 654 2415 nonnulli,
686 2347 736 2422 qui
763 2363 830 2404 eam
856 2347 1043 2408 vehementer
1069 2349 1275 2424 vituperarent.
1321 2352 1357 2412 ln

97 2461 223 2502 numero
249 2441 354 2504 autem
375 2446 601 2521 vituperantium
627 2447 761 2523 princeps
788 2447 842 2506 fuit
868 2447 962 2508 Aldus
987 2447 1088 2526 Nepos
1114 2446 1164 2525 (ad
1186 2448 1288 2529 Vellej.
1316 2451 1356 2522 11,

96 2560 140 2620 52,
160 2545 197 2620 4),
220 2547 267 2606 cui
289 2548 487 2633 assentiuntur
507 2549 643 2607 Barthius
660 2547 700 2622 (in
718 2548 839 2608 Advers.
857 2550 940 2618 XVI,
959 2563 976 2624 7
998 2549 1044 2608 ed.
1063 2549 1200 2609 Francos.
1221 2549 1305 2627 1648)
1327 2563 1356 2614 et

96 2645 130 2703 P.
153 2645 339 2710 Burmannus
361 2646 401 2722 (in
422 2649 549 2708 Praesat.
576 2649 615 2708 ad
638 2650 706 2710 edit.
729 2646 857 2728 Vellei),
891 2651 996 2727 quibus
1024 2668 1122 2710 sermo
1145 2633 1314 2729 Vellejanus
1336 2669 1356 2712 a

95 2747 240 2807 munditia
262 2750 407 2825 Augustei
430 2752 494 2810 aevi
512 2751 667 2811 descivisse
689 2753 767 2811 visus
789 2762 842 2812 est.
878 2752 936 2812 Sed
956 2760 1135 2828 argumenta
1154 2752 1271 2812 illorum
1289 2755 1356 2814 bre-

94 2851 169 2908 viter
199 2858 229 2910 et
254 2852 365 2928 optime
391 2852 527 2914 refutavit
547 2851 623 2913 Dav.
645 2853 838 2912 Ruhnkenius
859 2853 898 2930 (in
923 2855 1111 2913 Praelatione
1132 2874 1162 2930 p.
1184 2854 1277 2930 XX.),
1300 2855 1354 2913 do·
1431 2889 1433 2902 ι

95 2952 242 3012 ctissimus
263 2953 312 3012 ille
333 2954 484 3013 latinitatis
506 2955 701 3024 existimator,
730 2954 843 3033 Vellejo
865 2963 1030 3026 ‚venustum
1052 2962 1081 3014 et
1108 2957 1282 3032 exquisitum
1311 2956 1355 3016 lo·.

93 3053 205 3130 quendi
231 3058 335 3129 genus‘
361 3056 530 3114 attribuens.
574 3056 727 3117 Summam
749 3065 849 3116 autem
870 3057 990 3116 laudem
1015 3065 1134 3133 propter
1156 3056 1271 3116 dicendi
1293 3058 1350 3116 ele·

92 3157 229 3231 gantiam
253 3155 368 3233 Vellejo
389 3158 610 3233 impertiverunt
631 3166 748 3234 praeter
767 3157 975 3217 Ruhnkenium
997 3158 1105 3217 Beatus
1128 3159 1291 3218 Rhenanus
1313 3156 1354 3234 (in

92 3255 279 3316 Praelatione
297 3258 343 3317 ed.
361 3257 458 3336 Frob.)
480 3259 636 3337 ,Vellejum
658 3259 730 3318 nulli
753 3260 828 3319 inter
849 3261 957 3318 latinos
983 3257 1154 3328 secundum,
1177 3266 1291 3319 castum
1315 3278 1350 3318 ac

92 3359 228 3416 nitidum‘
259 3359 371 3430 dicens;
405 3360 475 3419 Ger.
503 3359 564 3438 Jos.
593 3361 715 3419 Vossius
741 3359 789 3435 (de
815 3361 882 3420 hist.
911 3360 991 3420 latin.
1017 3360 1066 3418 lib.
1092 3361 1117 3420 1.
1144 3377 1210 3435 cap.
1237 3360 1350 3420 XXIV.

90 3479 119 3535 p.
140 3459 212 3538 120),
235 3464 284 3538 qui
303 3463 430 3522 allirmat
451 3463 609 3521 dictionem
631 3462 720 3537 plane
739 3463 909 3521 Romanam
931 3470 962 3522 et
978 3462 1147 3537 elegantem
1168 3477 1246 3530 esse;
1269 3462 1352 3520 Mar·

91 3581 143 3622 cus
167 3562 314 3623 Antonius
336 3564 471 3623 Muretus
492 3561 541 3637 (ad
564 3563 656 3623 Cicer.
679 3572 753 3624 orat.
776 3565 805 3622 in
828 3563 894 3622 Cat.
917 3562 973 3633 111,
998 3561 1056 3638 10),
1078 3561 1215 3632 idoneus,
1239 3563 1262 3622 si
1285 3564 1352 3638 quis

90 3667 178 3736 alius,
206 3667 290 3744 hujus
317 3667 359 3724 rei
386 3667 508 3742 arbiter,
534 3666 583 3742 qui
610 3665 761 3724 historiam
787 3683 808 3726 a
835 3664 948 3742 Vellejo
970 3672 1047 3723 terse
1072 3665 1103 3724 in
1131 3664 1232 3740 primis
1259 3672 1349 3740 atque

89 3766 245 3842 eleganter
266 3767 442 3845 explicatam
464 3786 529 3827 esse
549 3768 669 3845 judicat.

175 3866 285 3928 Nostra
303 3869 423 3928 demum
441 3877 539 3930 aetate
553 3869 593 3927 H.
606 3869 752 3946 Sauppius
770 3870 801 3928 in
818 3866 925 3928 Museo
942 3867 1145 3928 Helvetiorum
1162 3863 1260 3941 (Tom.
1279 3866 1302 3934 Ι,
1322 3881 1347 3924 2.

56 3961 58 3966 ’
88 3990 115 4047 ρ.
128 3985 177 4047 177
192 3969 265 4048 sqq.)
274 3979 303 4030 et
316 3972 349 4030 F.
360 3971 486 4031 Kritzius
499 3973 529 4029 in
538 3971 760 4046 Prolegomenis
770 3971 809 4029 ad
819 3969 978 4029 editionem
988 3968 1175 4045 Vellejanam
1184 3964 1222 4043 (p.
1232 3965 1347 4028 XLVII

88 4069 171 4149 sqq.)‚
195 4074 247 4131 viri
266 4074 433 4143 doctissimi,
456 4075 624 4150 opinionem
643 4090 755 4142 eorum,
774 4072 824 4148 qui
845 4072 991 4148 putabant
1008 4066 1155 4145 Vellejum
1177 4085 1264 4127 usum
1282 4085 1347 4126 esse

88 4176 223 4234 oratione
245 4176 399 4250 praeclara
421 4183 451 4234 et
472 4175 564 4251 polita
591 4183 681 4250 atque
702 4175 832 4250 eleganti
854 4191 981 4250 eumque
1008 4171 1148 4246 scriptore
1171 4169 1251 4230 nullo
1273 4168 1347 4226 inse·

87 4279 196 4336 riorem
218 4295 283 4336 esse
305 4277 438 4337 refellere
464 4279 563 4336 conati
590 4284 666 4335 sunt.
710 4275 902 4352 Quamquam
929 4282 1042 4343 autem,
1070 4288 1147 4348 quae
1173 4278 1219 4332 est
1240 4269 1346 4328 mentis

69 4380 166 4454 ‚acies
190 4387 220 4437 et
242 4380 273 4436 in
295 4379 352 4438 hac
374 4397 405 4442 re
425 4377 585 4456 judicanda
606 4378 766 4438 auctoritas
789 4376 904 4438 illorum
926 4377 1067 4444 virorum,
1090 4371 1245 4447 exemplis,
1265 4387 1345 4446 quae

86 4479 124 4540 ad
149 4480 405 4556 comprobandam
429 4481 603 4540 sententiam
626 4497 710 4538 suam
733 4479 932 4548 contulerunt,
954 4475 1102 4535 evidenter
1122 4473 1344 4532 demonstrave-

84 4591 153 4641 runt
187 4581 292 4659 Velleji
320 4582 516 4642 elocutionem
542 4581 642 4640 multis
669 4581 806 4642 laborare
831 4580 918 4649 vitiis,
946 4586 1048 4637 tamen
1074 4575 1197 4636 concedi
1223 4589 1344 4634 necesse

1126 4691 1137 4721 1
