<?xml version="1.0" encoding="UTF-8"?>
<!DOCTYPE html PUBLIC "-//W3C//DTD XHTML 1.0 Transitional//EN"
    "http://www.w3.org/TR/xhtml1/DTD/xhtml1-transitional.dtd">
<html xmlns="http://www.w3.org/1999/xhtml" xml:lang="en" lang="en">
 <head>
  <title>
</title>
<meta http-equiv="Content-Type" content="text/html;charset=utf-8" />
  <meta name='ocr-system' content='tesseract 3.04.00' />
  <meta name='ocr-capabilities' content='ocr_page ocr_carea ocr_par ocr_line ocrx_word'/>
</head>
<body>
  <div class='ocr_page' id='page_1' title='image "./deelocutionemve01georgoog_0055.png"; bbox 0 0 3346 5454; ppageno 0'>
   <div class='ocr_carea' id='block_1_1' title="bbox 862 472 1065 530">
    <p class='ocr_par' dir='ltr' id='par_1_1' title="bbox 862 472 1065 530">
     <span class='ocr_line' id='line_1_1' title="bbox 862 472 1065 530; baseline -0.01 -30"><span class='ocrx_word' id='word_1_1' title='bbox 862 472 1065 530; x_wconf 66' lang='lat'>,42-</span> 
     </span>
    </p>
   </div>
   <div class='ocr_carea' id='block_1_2' title="bbox 254 642 1640 4698">
    <p class='ocr_par' dir='ltr' id='par_1_2' title="bbox 342 642 1584 826">
     <span class='ocr_line' id='line_1_2' title="bbox 342 642 1584 721; baseline -0.002 -13"><span class='ocrx_word' id='word_1_2' title='bbox 342 647 478 708; x_wconf 88' lang='lat' dir='ltr'>deflenda</span> <span class='ocrx_word' id='word_1_3' title='bbox 500 657 553 707; x_wconf 91' lang='lat' dir='ltr'>est.</span> <span class='ocrx_word' id='word_1_4' title='bbox 597 646 643 706; x_wconf 82' lang='lat' dir='ltr'>Cf.</span> <span class='ocrx_word' id='word_1_5' title='bbox 665 647 732 707; x_wconf 90' lang='lat' dir='ltr'>Sen.</span> <span class='ocrx_word' id='word_1_6' title='bbox 754 645 794 706; x_wconf 93' lang='lat' dir='ltr'>ad</span> <span class='ocrx_word' id='word_1_7' title='bbox 815 646 909 704; x_wconf 92' lang='lat' dir='ltr'>Marc.</span> <span class='ocrx_word' id='word_1_8' title='bbox 932 642 982 714; x_wconf 88' lang='lat'>26,</span> <span class='ocrx_word' id='word_1_9' title='bbox 1006 659 1032 714; x_wconf 73' lang='grc' dir='ltr'>ις</span> <span class='ocrx_word' id='word_1_10' title='bbox 1064 642 1136 702; x_wconf 91' lang='lat' dir='ltr'>Plin.</span> <span class='ocrx_word' id='word_1_11' title='bbox 1160 661 1205 720; x_wconf 88' lang='lat' dir='ltr'>ep.</span> <span class='ocrx_word' id='word_1_12' title='bbox 1228 661 1256 721; x_wconf 83' lang='lat'>9,</span> <span class='ocrx_word' id='word_1_13' title='bbox 1278 661 1324 720; x_wconf 88' lang='grc'>33,</span> <span class='ocrx_word' id='word_1_14' title='bbox 1349 661 1390 715; x_wconf 78' lang='grc' dir='ltr'>ιι;</span> <span class='ocrx_word' id='word_1_15' title='bbox 1422 645 1497 705; x_wconf 91' lang='lat' dir='ltr'>Tac.</span> <span class='ocrx_word' id='word_1_16' title='bbox 1522 665 1584 705; x_wconf 89' lang='lat' dir='ltr'>ann.</span> 
     </span>
     <span class='ocr_line' id='line_1_3' title="bbox 343 749 707 826; baseline -0.011 -16"><span class='ocrx_word' id='word_1_17' title='bbox 343 767 369 826; x_wconf 82' lang='lat'>3,</span> <span class='ocrx_word' id='word_1_18' title='bbox 393 766 444 826; x_wconf 87' lang='lat'>49;</span> <span class='ocrx_word' id='word_1_19' title='bbox 468 749 547 810; x_wconf 91' lang='lat' dir='ltr'>Suet.</span> <span class='ocrx_word' id='word_1_20' title='bbox 571 749 634 809; x_wconf 87' lang='lat' dir='ltr'>Cal.</span> <span class='ocrx_word' id='word_1_21' title='bbox 657 764 707 824; x_wconf 89' lang='grc' dir='ltr'>3ο.</span> 
     </span>
    </p>

    <p class='ocr_par' dir='ltr' id='par_1_3' title="bbox 341 847 1586 1336">
     <span class='ocr_line' id='line_1_4' title="bbox 426 847 1586 927; baseline -0.001 -18"><span class='ocrx_word' id='word_1_22' title='bbox 426 851 579 926; x_wconf 83' lang='lat' dir='ltr'>Depudere</span> <span class='ocrx_word' id='word_1_23' title='bbox 600 851 645 909; x_wconf 91' lang='lat' dir='ltr'>vel</span> <span class='ocrx_word' id='word_1_24' title='bbox 667 850 788 918; x_wconf 83' lang='lat' dir='ltr'>verbum</span> <span class='ocrx_word' id='word_1_25' title='bbox 810 847 1006 924; x_wconf 83' lang='lat' dir='ltr'><strong>impersonale</strong></span> <span class='ocrx_word' id='word_1_26' title='bbox 1027 849 1144 923; x_wconf 81' lang='lat' dir='ltr'>depudel</span> <span class='ocrx_word' id='word_1_27' title='bbox 1164 848 1243 924; x_wconf 89' lang='lat' dir='ltr'>apud</span> <span class='ocrx_word' id='word_1_28' title='bbox 1261 847 1406 927; x_wconf 90' lang='lat' dir='ltr'>Vellejum</span> <span class='ocrx_word' id='word_1_29' title='bbox 1428 849 1526 909; x_wconf 90' lang='lat' dir='ltr'>solum</span> <span class='ocrx_word' id='word_1_30' title='bbox 1548 850 1586 908; x_wconf 91' lang='lat' dir='ltr'>di·</span> 
     </span>
     <span class='ocr_line' id='line_1_5' title="bbox 342 948 1585 1030; baseline -0.002 -17"><span class='ocrx_word' id='word_1_31' title='bbox 342 956 416 1013; x_wconf 91' lang='lat' dir='ltr'>citur</span> <span class='ocrx_word' id='word_1_32' title='bbox 437 972 491 1030; x_wconf 90' lang='lat' dir='ltr'>pro</span> <span class='ocrx_word' id='word_1_33' title='bbox 509 955 590 1012; x_wconf 85' lang='lat' dir='ltr'>valde</span> <span class='ocrx_word' id='word_1_34' title='bbox 606 954 695 1028; x_wconf 81' lang='lat' dir='ltr'>pudet</span> <span class='ocrx_word' id='word_1_35' title='bbox 710 968 735 1022; x_wconf 90' lang='lat'>2,</span> <span class='ocrx_word' id='word_1_36' title='bbox 755 965 798 1026; x_wconf 93' lang='grc'>73,</span> <span class='ocrx_word' id='word_1_37' title='bbox 818 967 848 1026; x_wconf 84' lang='grc'>3;</span> <span class='ocrx_word' id='word_1_38' title='bbox 871 969 938 1008; x_wconf 89' lang='lat' dir='ltr'>cum</span> <span class='ocrx_word' id='word_1_39' title='bbox 960 969 1027 1009; x_wconf 88' lang='lat' dir='ltr'>eum</span> <span class='ocrx_word' id='word_1_40' title='bbox 1045 968 1105 1009; x_wconf 90' lang='lat' dir='ltr'>non</span> <span class='ocrx_word' id='word_1_41' title='bbox 1127 948 1288 1026; x_wconf 89' lang='lat' dir='ltr'>depuderet</span> <span class='ocrx_word' id='word_1_42' title='bbox 1304 950 1483 1010; x_wconf 88' lang='lat' dir='ltr'>vindicatum</span> <span class='ocrx_word' id='word_1_43' title='bbox 1502 954 1585 1010; x_wconf 89' lang='lat' dir='ltr'>armis</span> 
     </span>
     <span class='ocr_line' id='line_1_6' title="bbox 342 1049 1586 1131; baseline -0.004 -16"><span class='ocrx_word' id='word_1_44' title='bbox 342 1074 378 1117; x_wconf 91' lang='lat' dir='ltr'>ac</span> <span class='ocrx_word' id='word_1_45' title='bbox 400 1055 490 1115; x_wconf 91' lang='lat' dir='ltr'>ductu</span> <span class='ocrx_word' id='word_1_46' title='bbox 511 1055 602 1131; x_wconf 91' lang='lat' dir='ltr'>patris</span> <span class='ocrx_word' id='word_1_47' title='bbox 624 1054 668 1112; x_wconf 89' lang='lat' dir='ltr'>sui</span> <span class='ocrx_word' id='word_1_48' title='bbox 689 1069 772 1112; x_wconf 88' lang='lat' dir='ltr'>mare</span> <span class='ocrx_word' id='word_1_49' title='bbox 793 1051 934 1111; x_wconf 83' lang='lat' dir='ltr'>infestare</span> <span class='ocrx_word' id='word_1_50' title='bbox 956 1051 1085 1127; x_wconf 85' lang='lat' dir='ltr'>piraticis</span> <span class='ocrx_word' id='word_1_51' title='bbox 1107 1051 1272 1110; x_wconf 83' lang='lat' dir='ltr'>sceleribus.</span> <span class='ocrx_word' id='word_1_52' title='bbox 1317 1049 1372 1110; x_wconf 90' lang='lat' dir='ltr'>Ov.</span> <span class='ocrx_word' id='word_1_53' title='bbox 1394 1053 1456 1111; x_wconf 89' lang='lat' dir='ltr'>her.</span> <span class='ocrx_word' id='word_1_54' title='bbox 1483 1070 1513 1126; x_wconf 89' lang='lat'>4,</span> <span class='ocrx_word' id='word_1_55' title='bbox 1544 1069 1586 1129; x_wconf 81' lang='lat'>155</span> 
     </span>
     <span class='ocr_line' id='line_1_7' title="bbox 342 1148 1586 1232; baseline -0.005 -16"><span class='ocrx_word' id='word_1_56' title='bbox 342 1167 372 1216; x_wconf 89' lang='lat' dir='ltr'>et</span> <span class='ocrx_word' id='word_1_57' title='bbox 393 1158 460 1216; x_wconf 91' lang='lat' dir='ltr'>Sen.</span> <span class='ocrx_word' id='word_1_58' title='bbox 483 1174 564 1216; x_wconf 90' lang='lat' dir='ltr'>cons.</span> <span class='ocrx_word' id='word_1_59' title='bbox 588 1174 650 1232; x_wconf 91' lang='lat' dir='ltr'>sap.</span> <span class='ocrx_word' id='word_1_60' title='bbox 675 1169 714 1230; x_wconf 88' lang='lat'>17,</span> <span class='ocrx_word' id='word_1_61' title='bbox 738 1171 755 1230; x_wconf 85' lang='lat'>3</span> <span class='ocrx_word' id='word_1_62' title='bbox 777 1162 822 1214; x_wconf 89' lang='lat' dir='ltr'>est</span> <span class='ocrx_word' id='word_1_63' title='bbox 843 1170 897 1229; x_wconf 90' lang='lat' dir='ltr'>pro</span> <span class='ocrx_word' id='word_1_64' title='bbox 913 1154 1023 1228; x_wconf 82' lang='lat' dir='ltr'>pudere</span> <span class='ocrx_word' id='word_1_65' title='bbox 1044 1155 1170 1212; x_wconf 70' lang='lat' dir='ltr'>destitere</span> <span class='ocrx_word' id='word_1_66' title='bbox 1191 1148 1257 1227; x_wconf 84' lang='lat' dir='ltr'>(Ov.</span> <span class='ocrx_word' id='word_1_67' title='bbox 1280 1171 1338 1212; x_wconf 86' lang='lat' dir='ltr'>arn.</span> <span class='ocrx_word' id='word_1_68' title='bbox 1361 1170 1388 1229; x_wconf 90' lang='grc'>3,</span> <span class='ocrx_word' id='word_1_69' title='bbox 1413 1170 1451 1225; x_wconf 90' lang='lat'>11,</span> <span class='ocrx_word' id='word_1_70' title='bbox 1471 1171 1496 1228; x_wconf 88' lang='lat'>·4</span> <span class='ocrx_word' id='word_1_71' title='bbox 1514 1173 1586 1213; x_wconf 90' lang='lat' dir='ltr'>nunc</span> 
     </span>
     <span class='ocr_line' id='line_1_8' title="bbox 341 1251 789 1336; baseline -0.009 -19"><span class='ocrx_word' id='word_1_72' title='bbox 341 1258 464 1336; x_wconf 83' lang='lat' dir='ltr'>legitur:</span> <span class='ocrx_word' id='word_1_73' title='bbox 487 1277 548 1318; x_wconf 90' lang='lat' dir='ltr'>non</span> <span class='ocrx_word' id='word_1_74' title='bbox 570 1256 672 1335; x_wconf 90' lang='lat' dir='ltr'>puduit</span> <span class='ocrx_word' id='word_1_75' title='bbox 694 1251 789 1333; x_wconf 82' lang='lat' dir='ltr'>ferre).</span> 
     </span>
    </p>

    <p class='ocr_par' dir='ltr' id='par_1_4' title="bbox 341 1353 1587 1743">
     <span class='ocr_line' id='line_1_9' title="bbox 426 1353 1586 1437; baseline -0.004 -18"><span class='ocrx_word' id='word_1_76' title='bbox 426 1362 518 1420; x_wconf 84' lang='lat' dir='ltr'>Ferre</span> <span class='ocrx_word' id='word_1_77' title='bbox 537 1361 661 1437; x_wconf 76' lang='lat' dir='ltr'>pretrirm</span> <span class='ocrx_word' id='word_1_78' title='bbox 684 1357 788 1417; x_wconf 90' lang='lat' dir='ltr'>dicitur</span> <span class='ocrx_word' id='word_1_79' title='bbox 810 1375 863 1432; x_wconf 91' lang='lat' dir='ltr'>pro</span> <span class='ocrx_word' id='word_1_80' title='bbox 884 1356 993 1414; x_wconf 88' lang='lat' dir='ltr'>usitata</span> <span class='ocrx_word' id='word_1_81' title='bbox 1011 1354 1176 1415; x_wconf 83' lang='lat' dir='ltr'>elocutione</span> <span class='ocrx_word' id='word_1_82' title='bbox 1198 1353 1318 1426; x_wconf 82' lang='lat' dir='ltr'>,fructus</span> <span class='ocrx_word' id='word_1_83' title='bbox 1337 1354 1422 1415; x_wconf 82' lang='lat' dir='ltr'>ferre‘</span> <span class='ocrx_word' id='word_1_84' title='bbox 1444 1373 1470 1427; x_wconf 91' lang='lat'>2,</span> <span class='ocrx_word' id='word_1_85' title='bbox 1495 1373 1540 1433; x_wconf 85' lang='lat'>45,</span> <span class='ocrx_word' id='word_1_86' title='bbox 1560 1373 1586 1414; x_wconf 88' lang='lat'>2:</span> 
     </span>
     <span class='ocr_line' id='line_1_10' title="bbox 341 1456 1586 1538; baseline -0.004 -16"><span class='ocrx_word' id='word_1_87' title='bbox 341 1471 531 1523; x_wconf 87' lang='lat' dir='ltr'>conservatae</span> <span class='ocrx_word' id='word_1_88' title='bbox 553 1461 665 1538; x_wconf 84' lang='lat' dir='ltr'>patriae</span> <span class='ocrx_word' id='word_1_89' title='bbox 687 1460 812 1536; x_wconf 91' lang='lat' dir='ltr'>pretium</span> <span class='ocrx_word' id='word_1_90' title='bbox 834 1456 1034 1516; x_wconf 82' lang='lat' dir='ltr'>calamitatem</span> <span class='ocrx_word' id='word_1_91' title='bbox 1056 1456 1134 1526; x_wconf 87' lang='lat' dir='ltr'>tulit;</span> <span class='ocrx_word' id='word_1_92' title='bbox 1161 1472 1190 1527; x_wconf 90' lang='lat'>2,</span> <span class='ocrx_word' id='word_1_93' title='bbox 1209 1471 1258 1532; x_wconf 86' lang='lat'>52,</span> <span class='ocrx_word' id='word_1_94' title='bbox 1281 1473 1311 1533; x_wconf 84' lang='lat'>5:</span> <span class='ocrx_word' id='word_1_95' title='bbox 1330 1459 1410 1534; x_wconf 90' lang='lat' dir='ltr'>qnod</span> <span class='ocrx_word' id='word_1_96' title='bbox 1432 1459 1586 1520; x_wconf 86' lang='lat' dir='ltr'>voluntatis</span> 
     </span>
     <span class='ocr_line' id='line_1_11' title="bbox 345 1557 1587 1640; baseline -0.004 -16"><span class='ocrx_word' id='word_1_97' title='bbox 345 1583 417 1624; x_wconf 90' lang='lat' dir='ltr'>suae</span> <span class='ocrx_word' id='word_1_98' title='bbox 448 1565 573 1640; x_wconf 90' lang='lat' dir='ltr'>pretium</span> <span class='ocrx_word' id='word_1_99' title='bbox 603 1562 681 1631; x_wconf 90' lang='lat' dir='ltr'>tulit;</span> <span class='ocrx_word' id='word_1_100' title='bbox 708 1577 738 1630; x_wconf 87' lang='lat'>2,</span> <span class='ocrx_word' id='word_1_101' title='bbox 768 1573 830 1633; x_wconf 83' lang='lat'>125,</span> <span class='ocrx_word' id='word_1_102' title='bbox 860 1575 885 1616; x_wconf 89' lang='lat'>1:</span> <span class='ocrx_word' id='word_1_103' title='bbox 913 1557 978 1616; x_wconf 89' lang='lat' dir='ltr'>tulit</span> <span class='ocrx_word' id='word_1_104' title='bbox 1003 1567 1033 1616; x_wconf 90' lang='lat' dir='ltr'>et</span> <span class='ocrx_word' id='word_1_105' title='bbox 1059 1558 1117 1616; x_wconf 91' lang='lat' dir='ltr'>voti</span> <span class='ocrx_word' id='word_1_106' title='bbox 1143 1567 1172 1616; x_wconf 91' lang='lat' dir='ltr'>et</span> <span class='ocrx_word' id='word_1_107' title='bbox 1198 1558 1299 1617; x_wconf 91' lang='lat' dir='ltr'>consili</span> <span class='ocrx_word' id='word_1_108' title='bbox 1325 1560 1369 1618; x_wconf 90' lang='lat' dir='ltr'>sui</span> <span class='ocrx_word' id='word_1_109' title='bbox 1395 1561 1522 1636; x_wconf 90' lang='lat' dir='ltr'>pretium</span> <span class='ocrx_word' id='word_1_110' title='bbox 1547 1577 1587 1619; x_wconf 89' lang='lat' dir='ltr'>res</span> 
     </span>
     <span class='ocr_line' id='line_1_12' title="bbox 341 1659 1394 1743; baseline -0.005 -18"><span class='ocrx_word' id='word_1_111' title='bbox 341 1667 459 1743; x_wconf 91' lang='lat' dir='ltr'>publica</span> <span class='ocrx_word' id='word_1_112' title='bbox 479 1665 562 1740; x_wconf 72' lang='lat' dir='ltr'>(Ten</span> <span class='ocrx_word' id='word_1_113' title='bbox 580 1662 671 1723; x_wconf 85' lang='lat' dir='ltr'>Andr.</span> <span class='ocrx_word' id='word_1_114' title='bbox 694 1680 721 1739; x_wconf 88' lang='grc'>3,</span> <span class='ocrx_word' id='word_1_115' title='bbox 744 1677 770 1739; x_wconf 93' lang='grc'>5,</span> <span class='ocrx_word' id='word_1_116' title='bbox 793 1677 826 1735; x_wconf 89' lang='lat'>4:</span> <span class='ocrx_word' id='word_1_117' title='bbox 850 1677 907 1734; x_wconf 86' lang='lat' dir='ltr'>ego</span> <span class='ocrx_word' id='word_1_118' title='bbox 929 1660 1054 1735; x_wconf 88' lang='lat' dir='ltr'>pretium</span> <span class='ocrx_word' id='word_1_119' title='bbox 1076 1659 1115 1716; x_wconf 93' lang='lat' dir='ltr'>ob</span> <span class='ocrx_word' id='word_1_120' title='bbox 1138 1660 1289 1719; x_wconf 89' lang='lat' dir='ltr'>stultitiam</span> <span class='ocrx_word' id='word_1_121' title='bbox 1312 1660 1394 1738; x_wconf 83' lang='lat' dir='ltr'>lero).</span> 
     </span>
    </p>

    <p class='ocr_par' dir='ltr' id='par_1_5' title="bbox 343 1743 1640 2048">
     <span class='ocr_line' id='line_1_13' title="bbox 427 1763 1586 1842; baseline -0.004 -16"><span class='ocrx_word' id='word_1_122' title='bbox 427 1767 532 1842; x_wconf 80' lang='lat' dir='ltr'>Fungr&#39;</span> <span class='ocrx_word' id='word_1_123' title='bbox 550 1772 637 1824; x_wconf 82' lang='lat' dir='ltr'>morte</span> <span class='ocrx_word' id='word_1_124' title='bbox 664 1771 819 1841; x_wconf 87' lang='lat' dir='ltr'>poetarum</span> <span class='ocrx_word' id='word_1_125' title='bbox 841 1778 924 1820; x_wconf 90' lang='lat' dir='ltr'>more</span> <span class='ocrx_word' id='word_1_126' title='bbox 945 1768 1101 1837; x_wconf 86' lang='lat' dir='ltr'>usurpatur</span> <span class='ocrx_word' id='word_1_127' title='bbox 1123 1777 1148 1832; x_wconf 90' lang='lat'>2,</span> <span class='ocrx_word' id='word_1_128' title='bbox 1167 1778 1215 1839; x_wconf 85' lang='lat'>49,</span> <span class='ocrx_word' id='word_1_129' title='bbox 1237 1780 1262 1822; x_wconf 90' lang='lat'>1:</span> <span class='ocrx_word' id='word_1_130' title='bbox 1285 1763 1367 1826; x_wconf 81' lang='lat' dir='ltr'>fatali</span> <span class='ocrx_word' id='word_1_131' title='bbox 1389 1772 1459 1824; x_wconf 86' lang='lat' dir='ltr'>ante</span> <span class='ocrx_word' id='word_1_132' title='bbox 1481 1764 1586 1823; x_wconf 90' lang='lat' dir='ltr'>initium</span> 
     </span>
     <span class='ocr_line' id='line_1_14' title="bbox 343 1862 1640 1942; baseline -0.008 -14"><span class='ocrx_word' id='word_1_133' title='bbox 343 1869 487 1928; x_wconf 89' lang='lat' dir='ltr'>bellorum</span> <span class='ocrx_word' id='word_1_134' title='bbox 505 1867 630 1942; x_wconf 82' lang='lat' dir='ltr'>civilium</span> <span class='ocrx_word' id='word_1_135' title='bbox 648 1871 742 1924; x_wconf 89' lang='lat' dir='ltr'>morte</span> <span class='ocrx_word' id='word_1_136' title='bbox 760 1864 852 1923; x_wconf 88' lang='lat' dir='ltr'>suncti</span> <span class='ocrx_word' id='word_1_137' title='bbox 869 1870 945 1922; x_wconf 84' lang='lat' dir='ltr'>sunt.</span> <span class='ocrx_word' id='word_1_138' title='bbox 977 1862 1022 1922; x_wconf 81' lang='lat' dir='ltr'>cf.</span> <span class='ocrx_word' id='word_1_139' title='bbox 1040 1863 1299 1940; x_wconf 83' lang='lat' dir='ltr'>Krebs·Allgayer,</span> <span class='ocrx_word' id='word_1_140' title='bbox 1318 1863 1472 1926; x_wconf 84' lang='lat' dir='ltr'>Antibarb.</span> <span class='ocrx_word' id='word_1_141' title='bbox 1491 1867 1537 1925; x_wconf 89' lang='lat' dir='ltr'>ed.</span> <span class='ocrx_word' id='word_1_142' title='bbox 1555 1865 1585 1922; x_wconf 93' lang='lat' dir='ltr'>V.</span> <span class='ocrx_word' id='word_1_143' title='bbox 1638 1913 1640 1918; x_wconf 91' lang='lat'>.</span> 
     </span>
     <span class='ocr_line' id='line_1_15' title="bbox 343 1963 940 2048; baseline -0.012 -18"><span class='ocrx_word' id='word_1_144' title='bbox 343 1990 372 2048; x_wconf 94' lang='lat' dir='ltr'>p.</span> <span class='ocrx_word' id='word_1_145' title='bbox 390 1987 451 2046; x_wconf 82' lang='grc'>494</span> <span class='ocrx_word' id='word_1_146' title='bbox 469 1977 498 2029; x_wconf 89' lang='lat' dir='ltr'>et</span> <span class='ocrx_word' id='word_1_147' title='bbox 520 1970 574 2029; x_wconf 88' lang='lat' dir='ltr'>sub</span> <span class='ocrx_word' id='word_1_148' title='bbox 595 1985 667 2027; x_wconf 86' lang='lat' dir='ltr'>voce</span> <span class='ocrx_word' id='word_1_149' title='bbox 689 1967 801 2038; x_wconf 85' lang='lat' dir='ltr'>,fatum‘</span> <span class='ocrx_word' id='word_1_150' title='bbox 824 1985 853 2041; x_wconf 89' lang='lat' dir='ltr'>p.</span> <span class='ocrx_word' id='word_1_151' title='bbox 872 1963 940 2040; x_wconf 82' lang='lat'>467.</span> 
     </span>
    </p>

    <p class='ocr_par' dir='ltr' id='par_1_6' title="bbox 344 2063 1587 2251">
     <span class='ocr_line' id='line_1_16' title="bbox 426 2063 1585 2148; baseline -0.003 -18"><span class='ocrx_word' id='word_1_152' title='bbox 426 2071 584 2147; x_wconf 82' lang='lat' dir='ltr'>Imputare,</span> <span class='ocrx_word' id='word_1_153' title='bbox 607 2069 687 2147; x_wconf 90' lang='lat' dir='ltr'>quod</span> <span class='ocrx_word' id='word_1_154' title='bbox 708 2068 830 2128; x_wconf 82' lang='lat' dir='ltr'>verbum</span> <span class='ocrx_word' id='word_1_155' title='bbox 853 2065 975 2125; x_wconf 89' lang='lat' dir='ltr'>Ovidius</span> <span class='ocrx_word' id='word_1_156' title='bbox 997 2065 1074 2143; x_wconf 83' lang='lat' dir='ltr'>(met.</span> <span class='ocrx_word' id='word_1_157' title='bbox 1096 2083 1122 2138; x_wconf 91' lang='grc'>2,</span> <span class='ocrx_word' id='word_1_158' title='bbox 1145 2063 1219 2145; x_wconf 90' lang='lat'>400)</span> <span class='ocrx_word' id='word_1_159' title='bbox 1241 2067 1353 2127; x_wconf 86' lang='lat' dir='ltr'>videtur</span> <span class='ocrx_word' id='word_1_160' title='bbox 1376 2086 1511 2137; x_wconf 90' lang='lat' dir='ltr'>novasse,</span> <span class='ocrx_word' id='word_1_161' title='bbox 1532 2071 1585 2148; x_wconf 89' lang='lat' dir='ltr'>jam</span> 
     </span>
     <span class='ocr_line' id='line_1_17' title="bbox 344 2169 1587 2251; baseline -0.003 -17"><span class='ocrx_word' id='word_1_162' title='bbox 344 2175 412 2234; x_wconf 90' lang='lat' dir='ltr'>inde</span> <span class='ocrx_word' id='word_1_163' title='bbox 433 2195 453 2234; x_wconf 92' lang='lat' dir='ltr'>a</span> <span class='ocrx_word' id='word_1_164' title='bbox 476 2173 589 2251; x_wconf 89' lang='lat' dir='ltr'>Vellejo</span> <span class='ocrx_word' id='word_1_165' title='bbox 612 2171 788 2248; x_wconf 82' lang='lat' dir='ltr'>frequentari</span> <span class='ocrx_word' id='word_1_166' title='bbox 810 2177 948 2246; x_wconf 90' lang='lat' dir='ltr'>coeptum</span> <span class='ocrx_word' id='word_1_167' title='bbox 972 2177 1016 2228; x_wconf 92' lang='lat' dir='ltr'>est</span> <span class='ocrx_word' id='word_1_168' title='bbox 1043 2169 1148 2229; x_wconf 91' lang='lat' dir='ltr'>eadem</span> <span class='ocrx_word' id='word_1_169' title='bbox 1170 2171 1389 2245; x_wconf 85' lang='lat' dir='ltr'>significatione,</span> <span class='ocrx_word' id='word_1_170' title='bbox 1417 2191 1477 2250; x_wconf 89' lang='lat' dir='ltr'>qua</span> <span class='ocrx_word' id='word_1_171' title='bbox 1505 2175 1587 2232; x_wconf 85' lang='lat' dir='ltr'>ascri·</span> 
     </span>
    </p>

    <p class='ocr_par' dir='ltr' id='par_1_7' title="bbox 254 2270 1589 2655">
     <span class='ocr_line' id='line_1_18' title="bbox 254 2270 1589 2350; baseline -0.003 -16"><span class='ocrx_word' id='word_1_172' title='bbox 254 2285 256 2292; x_wconf 83' lang='grc'><strong>“</strong></span> <span class='ocrx_word' id='word_1_173' title='bbox 345 2277 420 2347; x_wconf 82' lang='lat' dir='ltr'>bere,</span> <span class='ocrx_word' id='word_1_174' title='bbox 442 2277 598 2349; x_wconf 59' lang='lat' dir='ltr'>assignare</span> <span class='ocrx_word' id='word_1_175' title='bbox 619 2280 709 2348; x_wconf 89' lang='lat' dir='ltr'>atque</span> <span class='ocrx_word' id='word_1_176' title='bbox 730 2271 760 2330; x_wconf 91' lang='lat' dir='ltr'>in</span> <span class='ocrx_word' id='word_1_177' title='bbox 782 2270 894 2328; x_wconf 87' lang='lat' dir='ltr'>bonam</span> <span class='ocrx_word' id='word_1_178' title='bbox 916 2279 946 2329; x_wconf 89' lang='lat' dir='ltr'>et</span> <span class='ocrx_word' id='word_1_179' title='bbox 967 2272 997 2329; x_wconf 92' lang='lat' dir='ltr'>in</span> <span class='ocrx_word' id='word_1_180' title='bbox 1015 2271 1125 2330; x_wconf 87' lang='lat' dir='ltr'>malam</span> <span class='ocrx_word' id='word_1_181' title='bbox 1148 2280 1264 2347; x_wconf 86' lang='lat' dir='ltr'>partem</span> <span class='ocrx_word' id='word_1_182' title='bbox 1286 2283 1451 2350; x_wconf 88' lang='lat' dir='ltr'>usurpatur.</span> <span class='ocrx_word' id='word_1_183' title='bbox 1490 2275 1589 2333; x_wconf 88' lang='lat' dir='ltr'>Exstat</span> 
     </span>
     <span class='ocr_line' id='line_1_19' title="bbox 348 2370 1589 2453; baseline 0 -21"><span class='ocrx_word' id='word_1_184' title='bbox 348 2376 421 2436; x_wconf 91' lang='lat' dir='ltr'>Vell.</span> <span class='ocrx_word' id='word_1_185' title='bbox 443 2391 468 2445; x_wconf 91' lang='lat'>2,</span> <span class='ocrx_word' id='word_1_186' title='bbox 490 2391 534 2450; x_wconf 90' lang='grc'>23,</span> <span class='ocrx_word' id='word_1_187' title='bbox 553 2392 586 2448; x_wconf 90' lang='lat'>4:</span> <span class='ocrx_word' id='word_1_188' title='bbox 608 2375 633 2434; x_wconf 93' lang='lat' dir='ltr'>si</span> <span class='ocrx_word' id='word_1_189' title='bbox 658 2373 723 2451; x_wconf 92' lang='lat' dir='ltr'>quis</span> <span class='ocrx_word' id='word_1_190' title='bbox 742 2370 800 2432; x_wconf 92' lang='lat' dir='ltr'>hoc</span> <span class='ocrx_word' id='word_1_191' title='bbox 821 2373 982 2432; x_wconf 91' lang='lat' dir='ltr'>rebellandi</span> <span class='ocrx_word' id='word_1_192' title='bbox 1003 2381 1119 2450; x_wconf 89' lang='lat' dir='ltr'>tempus</span> <span class='ocrx_word' id='word_1_193' title='bbox 1137 2376 1262 2453; x_wconf 87' lang='lat' dir='ltr'>imputat</span> <span class='ocrx_word' id='word_1_194' title='bbox 1283 2377 1520 2448; x_wconf 82' lang='lat' dir='ltr'>Atheniensibus,</span> <span class='ocrx_word' id='word_1_195' title='bbox 1537 2375 1589 2434; x_wconf 89' lang='lat' dir='ltr'>veri</span> 
     </span>
     <span class='ocr_line' id='line_1_20' title="bbox 345 2473 1589 2556; baseline -0.002 -20"><span class='ocrx_word' id='word_1_196' title='bbox 345 2479 465 2554; x_wconf 84' lang='lat' dir='ltr'>ignarus</span> <span class='ocrx_word' id='word_1_197' title='bbox 487 2485 531 2536; x_wconf 91' lang='lat' dir='ltr'>est</span> <span class='ocrx_word' id='word_1_198' title='bbox 552 2476 627 2549; x_wconf 78' lang='lat' dir='ltr'>(Seri.</span> <span class='ocrx_word' id='word_1_199' title='bbox 651 2476 735 2552; x_wconf 86' lang='lat' dir='ltr'>phil,</span> <span class='ocrx_word' id='word_1_200' title='bbox 762 2473 877 2548; x_wconf 82' lang='lat' dir='ltr'>Quint,</span> <span class='ocrx_word' id='word_1_201' title='bbox 901 2474 989 2550; x_wconf 86' lang='lat' dir='ltr'>Tac,</span> <span class='ocrx_word' id='word_1_202' title='bbox 1012 2475 1086 2535; x_wconf 89' lang='lat' dir='ltr'>Plin.</span> <span class='ocrx_word' id='word_1_203' title='bbox 1109 2493 1155 2552; x_wconf 89' lang='lat' dir='ltr'>ep.</span> <span class='ocrx_word' id='word_1_204' title='bbox 1174 2477 1317 2553; x_wconf 88' lang='lat' dir='ltr'>-Apud</span> <span class='ocrx_word' id='word_1_205' title='bbox 1335 2477 1455 2538; x_wconf 90' lang='lat' dir='ltr'>Celsum</span> <span class='ocrx_word' id='word_1_206' title='bbox 1477 2479 1589 2556; x_wconf 87' lang='lat' dir='ltr'>propria</span> 
     </span>
     <span class='ocr_line' id='line_1_21' title="bbox 347 2563 713 2655; baseline -0.008 -17"><span class='ocrx_word' id='word_1_207' title='bbox 347 2579 558 2655; x_wconf 79' lang='lat' dir='ltr'>significatione</span> <span class='ocrx_word' id='word_1_208' title='bbox 579 2563 713 2655; x_wconf 78' lang='lat' dir='ltr'>ponitur).</span> 
     </span>
    </p>

    <p class='ocr_par' dir='ltr' id='par_1_8' title="bbox 347 2679 1590 3065">
     <span class='ocr_line' id='line_1_22' title="bbox 435 2679 1590 2763; baseline -0.003 -23"><span class='ocrx_word' id='word_1_209' title='bbox 435 2679 561 2763; x_wconf 80' lang='lat' dir='ltr'>Jactarr&#39;</span> <span class='ocrx_word' id='word_1_210' title='bbox 580 2683 617 2741; x_wconf 89' lang='lat' dir='ltr'>de</span> <span class='ocrx_word' id='word_1_211' title='bbox 639 2681 789 2740; x_wconf 91' lang='lat' dir='ltr'>laboribus</span> <span class='ocrx_word' id='word_1_212' title='bbox 811 2689 841 2740; x_wconf 90' lang='lat' dir='ltr'>et</span> <span class='ocrx_word' id='word_1_213' title='bbox 861 2680 1009 2740; x_wconf 87' lang='lat' dir='ltr'>aerumnis</span> <span class='ocrx_word' id='word_1_214' title='bbox 1035 2681 1065 2739; x_wconf 89' lang='lat' dir='ltr'>in</span> <span class='ocrx_word' id='word_1_215' title='bbox 1087 2681 1186 2759; x_wconf 88' lang='lat' dir='ltr'>primis</span> <span class='ocrx_word' id='word_1_216' title='bbox 1213 2682 1250 2742; x_wconf 89' lang='lat' dir='ltr'>de</span> <span class='ocrx_word' id='word_1_217' title='bbox 1277 2683 1421 2741; x_wconf 88' lang='lat' dir='ltr'>erroribus</span> <span class='ocrx_word' id='word_1_218' title='bbox 1444 2681 1590 2742; x_wconf 86' lang='lat' dir='ltr'>maritimis</span> 
     </span>
     <span class='ocr_line' id='line_1_23' title="bbox 347 2783 1589 2872; baseline -0.002 -29"><span class='ocrx_word' id='word_1_219' title='bbox 347 2784 449 2843; x_wconf 90' lang='lat' dir='ltr'>dicitur</span> <span class='ocrx_word' id='word_1_220' title='bbox 473 2803 499 2855; x_wconf 94' lang='lat'>1,</span> <span class='ocrx_word' id='word_1_221' title='bbox 519 2801 550 2856; x_wconf 86' lang='lat'>2,</span> <span class='ocrx_word' id='word_1_222' title='bbox 576 2801 607 2860; x_wconf 79' lang='lat'>3:</span> <span class='ocrx_word' id='word_1_223' title='bbox 631 2784 734 2872; x_wconf 77' lang='lat' dir='ltr'>jactati</span> <span class='ocrx_word' id='word_1_224' title='bbox 764 2801 832 2842; x_wconf 90' lang='lat' dir='ltr'>cum</span> <span class='ocrx_word' id='word_1_225' title='bbox 859 2784 944 2842; x_wconf 90' lang='lat' dir='ltr'>variis</span> <span class='ocrx_word' id='word_1_226' title='bbox 971 2784 1086 2842; x_wconf 91' lang='lat' dir='ltr'>casibus</span> <span class='ocrx_word' id='word_1_227' title='bbox 1118 2784 1219 2860; x_wconf 89' lang='lat' dir='ltr'>quinto</span> <span class='ocrx_word' id='word_1_228' title='bbox 1245 2783 1359 2844; x_wconf 89' lang='lat' dir='ltr'>decimo</span> <span class='ocrx_word' id='word_1_229' title='bbox 1390 2802 1470 2843; x_wconf 91' lang='lat' dir='ltr'>anno</span> <span class='ocrx_word' id='word_1_230' title='bbox 1499 2784 1589 2844; x_wconf 87' lang='lat' dir='ltr'>sedem</span> 
     </span>
     <span class='ocr_line' id='line_1_24' title="bbox 347 2884 1590 2965; baseline -0.003 -21"><span class='ocrx_word' id='word_1_231' title='bbox 347 2904 451 2962; x_wconf 85' lang='lat' dir='ltr'>cepere</span> <span class='ocrx_word' id='word_1_232' title='bbox 468 2887 546 2946; x_wconf 90' lang='lat' dir='ltr'>circa</span> <span class='ocrx_word' id='word_1_233' title='bbox 559 2886 695 2964; x_wconf 30' lang='lat' dir='ltr'>Lesbum·</span> <span class='ocrx_word' id='word_1_234' title='bbox 706 2885 842 2945; x_wconf 91' lang='lat' dir='ltr'>insulam.</span> <span class='ocrx_word' id='word_1_235' title='bbox 876 2884 922 2944; x_wconf 83' lang='lat' dir='ltr'>Cf.</span> <span class='ocrx_word' id='word_1_236' title='bbox 942 2886 1031 2961; x_wconf 89' lang='lat' dir='ltr'>Verg.</span> <span class='ocrx_word' id='word_1_237' title='bbox 1049 2887 1123 2944; x_wconf 89' lang='lat' dir='ltr'>Aen.</span> <span class='ocrx_word' id='word_1_238' title='bbox 1143 2904 1165 2957; x_wconf 90' lang='lat' dir='ltr'>r,</span> <span class='ocrx_word' id='word_1_239' title='bbox 1183 2903 1214 2962; x_wconf 81' lang='lat'>3:</span> <span class='ocrx_word' id='word_1_240' title='bbox 1237 2888 1319 2946; x_wconf 92' lang='lat' dir='ltr'>terris</span> <span class='ocrx_word' id='word_1_241' title='bbox 1335 2889 1461 2965; x_wconf 87' lang='lat' dir='ltr'>jactatus</span> <span class='ocrx_word' id='word_1_242' title='bbox 1478 2895 1511 2946; x_wconf 89' lang='lat' dir='ltr'>et</span> <span class='ocrx_word' id='word_1_243' title='bbox 1528 2887 1590 2947; x_wconf 91' lang='lat' dir='ltr'>alto.</span> 
     </span>
     <span class='ocr_line' id='line_1_25' title="bbox 347 2986 1103 3065; baseline -0.001 -18"><span class='ocrx_word' id='word_1_244' title='bbox 347 2988 433 3047; x_wconf 88' lang='lat' dir='ltr'>Adde</span> <span class='ocrx_word' id='word_1_245' title='bbox 455 2988 516 3048; x_wconf 88' lang='lat' dir='ltr'>Cic.</span> <span class='ocrx_word' id='word_1_246' title='bbox 538 2988 574 3046; x_wconf 90' lang='lat' dir='ltr'>de</span> <span class='ocrx_word' id='word_1_247' title='bbox 596 2989 654 3046; x_wconf 89' lang='lat' dir='ltr'>inv.</span> <span class='ocrx_word' id='word_1_248' title='bbox 676 3003 702 3056; x_wconf 93' lang='lat'>2,</span> <span class='ocrx_word' id='word_1_249' title='bbox 727 3004 770 3064; x_wconf 81' lang='lat'>31,</span> <span class='ocrx_word' id='word_1_250' title='bbox 794 3004 844 3065; x_wconf 81' lang='lat'>95;</span> <span class='ocrx_word' id='word_1_251' title='bbox 867 2986 957 3047; x_wconf 91' lang='lat' dir='ltr'>Tusc.</span> <span class='ocrx_word' id='word_1_252' title='bbox 981 3003 1006 3064; x_wconf 91' lang='grc'>5,</span> <span class='ocrx_word' id='word_1_253' title='bbox 1030 3004 1054 3059; x_wconf 89' lang='grc'>2,</span> <span class='ocrx_word' id='word_1_254' title='bbox 1078 3004 1103 3064; x_wconf 92' lang='grc'>5.</span> 
     </span>
    </p>

    <p class='ocr_par' dir='ltr' id='par_1_9' title="bbox 347 3087 1592 3473">
     <span class='ocr_line' id='line_1_26' title="bbox 432 3087 1588 3166; baseline -0.003 -18"><span class='ocrx_word' id='word_1_255' title='bbox 432 3087 542 3148; x_wconf 76' lang='grc' dir='ltr'><em>Μοίίνί</em></span> <span class='ocrx_word' id='word_1_256' title='bbox 569 3107 622 3166; x_wconf 92' lang='lat' dir='ltr'>pro</span> <span class='ocrx_word' id='word_1_257' title='bbox 653 3096 801 3149; x_wconf 87' lang='lat' dir='ltr'>exstruere</span> <span class='ocrx_word' id='word_1_258' title='bbox 831 3091 949 3165; x_wconf 90' lang='lat' dir='ltr'>ponitur</span> <span class='ocrx_word' id='word_1_259' title='bbox 979 3089 1136 3166; x_wconf 88' lang='lat' dir='ltr'>praecipue</span> <span class='ocrx_word' id='word_1_260' title='bbox 1167 3089 1204 3148; x_wconf 90' lang='lat' dir='ltr'>de</span> <span class='ocrx_word' id='word_1_261' title='bbox 1235 3089 1385 3162; x_wconf 90' lang='lat' dir='ltr'>aedificiis,</span> <span class='ocrx_word' id='word_1_262' title='bbox 1418 3091 1467 3148; x_wconf 92' lang='lat' dir='ltr'>ubi</span> <span class='ocrx_word' id='word_1_263' title='bbox 1498 3089 1588 3148; x_wconf 87' lang='lat' dir='ltr'>multis</span> 
     </span>
     <span class='ocr_line' id='line_1_27' title="bbox 347 3190 1592 3270; baseline -0.004 -18"><span class='ocrx_word' id='word_1_264' title='bbox 347 3193 443 3270; x_wconf 91' lang='lat' dir='ltr'>operis</span> <span class='ocrx_word' id='word_1_265' title='bbox 465 3193 663 3270; x_wconf 87' lang='lat' dir='ltr'>impensisque</span> <span class='ocrx_word' id='word_1_266' title='bbox 684 3195 759 3268; x_wconf 79' lang='lat' dir='ltr'>opus</span> <span class='ocrx_word' id='word_1_267' title='bbox 781 3199 826 3250; x_wconf 91' lang='lat' dir='ltr'>est</span> <span class='ocrx_word' id='word_1_268' title='bbox 847 3190 935 3267; x_wconf 89' lang='lat' dir='ltr'>idque</span> <span class='ocrx_word' id='word_1_269' title='bbox 957 3191 1133 3250; x_wconf 90' lang='lat' dir='ltr'>vocabulum</span> <span class='ocrx_word' id='word_1_270' title='bbox 1156 3191 1236 3268; x_wconf 86' lang='lat' dir='ltr'>apud</span> <span class='ocrx_word' id='word_1_271' title='bbox 1257 3201 1359 3268; x_wconf 89' lang='lat' dir='ltr'>poetas</span> <span class='ocrx_word' id='word_1_272' title='bbox 1382 3192 1522 3252; x_wconf 89' lang='lat' dir='ltr'>classicos</span> <span class='ocrx_word' id='word_1_273' title='bbox 1543 3191 1592 3250; x_wconf 83' lang='lat' dir='ltr'>ire·</span> 
     </span>
     <span class='ocr_line' id='line_1_28' title="bbox 350 3293 1591 3372; baseline -0.002 -19"><span class='ocrx_word' id='word_1_274' title='bbox 350 3295 574 3372; x_wconf 88' lang='lat' dir='ltr'>quentissimum</span> <span class='ocrx_word' id='word_1_275' title='bbox 605 3302 658 3354; x_wconf 89' lang='lat' dir='ltr'>est.</span> <span class='ocrx_word' id='word_1_276' title='bbox 702 3294 831 3372; x_wconf 86' lang='lat' dir='ltr'>Vellejus</span> <span class='ocrx_word' id='word_1_277' title='bbox 862 3294 934 3353; x_wconf 82' lang='lat' dir='ltr'>dixit</span> <span class='ocrx_word' id='word_1_278' title='bbox 964 3293 1059 3352; x_wconf 89' lang='lat' dir='ltr'>moliri</span> <span class='ocrx_word' id='word_1_279' title='bbox 1090 3294 1195 3354; x_wconf 90' lang='lat' dir='ltr'>aedem</span> <span class='ocrx_word' id='word_1_280' title='bbox 1228 3311 1254 3364; x_wconf 94' lang='lat'>1,</span> <span class='ocrx_word' id='word_1_281' title='bbox 1279 3312 1319 3365; x_wconf 91' lang='lat'>11,</span> <span class='ocrx_word' id='word_1_282' title='bbox 1343 3311 1372 3370; x_wconf 85' lang='lat'>5;</span> <span class='ocrx_word' id='word_1_283' title='bbox 1404 3295 1552 3354; x_wconf 87' lang='lat' dir='ltr'>theatrum</span> <span class='ocrx_word' id='word_1_284' title='bbox 1574 3310 1591 3364; x_wconf 90' lang='lat'>1,</span> 
     </span>
     <span class='ocr_line' id='line_1_29' title="bbox 350 3394 1272 3473; baseline 0 -19"><span class='ocrx_word' id='word_1_285' title='bbox 350 3412 390 3473; x_wconf 82' lang='lat'>15,</span> <span class='ocrx_word' id='word_1_286' title='bbox 412 3412 444 3472; x_wconf 91' lang='grc'>3;</span> <span class='ocrx_word' id='word_1_287' title='bbox 463 3399 590 3473; x_wconf 89' lang='lat' dir='ltr'>porticus</span> <span class='ocrx_word' id='word_1_288' title='bbox 611 3412 637 3466; x_wconf 90' lang='grc'>2,</span> <span class='ocrx_word' id='word_1_289' title='bbox 662 3413 684 3466; x_wconf 94' lang='lat'>1,</span> <span class='ocrx_word' id='word_1_290' title='bbox 708 3412 723 3454; x_wconf 94' lang='grc'>2</span> <span class='ocrx_word' id='word_1_291' title='bbox 746 3404 777 3455; x_wconf 90' lang='lat' dir='ltr'>et</span> <span class='ocrx_word' id='word_1_292' title='bbox 797 3411 822 3466; x_wconf 89' lang='lat'>2,</span> <span class='ocrx_word' id='word_1_293' title='bbox 845 3394 873 3467; x_wconf 90' lang='lat'>8,</span> <span class='ocrx_word' id='word_1_294' title='bbox 895 3411 926 3471; x_wconf 88' lang='grc'>3;</span> <span class='ocrx_word' id='word_1_295' title='bbox 948 3396 1091 3473; x_wconf 88' lang='lat' dir='ltr'>templum</span> <span class='ocrx_word' id='word_1_296' title='bbox 1113 3413 1139 3466; x_wconf 90' lang='lat'>2,</span> <span class='ocrx_word' id='word_1_297' title='bbox 1164 3412 1225 3471; x_wconf 80' lang='lat'>130,</span> <span class='ocrx_word' id='word_1_298' title='bbox 1250 3413 1272 3454; x_wconf 91' lang='lat' dir='ltr'>r.</span> 
     </span>
    </p>

    <p class='ocr_par' dir='ltr' id='par_1_10' title="bbox 349 3497 1592 3884">
     <span class='ocr_line' id='line_1_30' title="bbox 432 3497 1592 3576; baseline -0.003 -20"><span class='ocrx_word' id='word_1_299' title='bbox 432 3499 590 3556; x_wconf 81' lang='lat' dir='ltr'>Penetrare</span> <span class='ocrx_word' id='word_1_300' title='bbox 616 3505 749 3572; x_wconf 79' lang='lat' dir='ltr'>gentem,</span> <span class='ocrx_word' id='word_1_301' title='bbox 777 3506 886 3557; x_wconf 88' lang='lat' dir='ltr'>terram</span> <span class='ocrx_word' id='word_1_302' title='bbox 913 3499 932 3556; x_wconf 91' lang='lat' dir='ltr'>i.</span> <span class='ocrx_word' id='word_1_303' title='bbox 959 3516 982 3557; x_wconf 90' lang='lat' dir='ltr'>s.</span> <span class='ocrx_word' id='word_1_304' title='bbox 1009 3517 1038 3575; x_wconf 91' lang='lat' dir='ltr'>q.</span> <span class='ocrx_word' id='word_1_305' title='bbox 1056 3499 1240 3573; x_wconf 83' lang='lat' dir='ltr'>perlustrare</span> <span class='ocrx_word' id='word_1_306' title='bbox 1265 3514 1294 3569; x_wconf 92' lang='lat'>2,</span> <span class='ocrx_word' id='word_1_307' title='bbox 1322 3513 1351 3574; x_wconf 88' lang='grc'>5,</span> <span class='ocrx_word' id='word_1_308' title='bbox 1380 3514 1406 3557; x_wconf 91' lang='lat'>1:</span> <span class='ocrx_word' id='word_1_309' title='bbox 1438 3497 1592 3576; x_wconf 88' lang='lat' dir='ltr'>penetratis</span> 
     </span>
     <span class='ocr_line' id='line_1_31' title="bbox 350 3599 1591 3676; baseline 0.005 -19"><span class='ocrx_word' id='word_1_310' title='bbox 350 3599 513 3676; x_wconf 86' lang='lat' dir='ltr'>Hispaniae</span> <span class='ocrx_word' id='word_1_311' title='bbox 535 3600 671 3674; x_wconf 90' lang='lat' dir='ltr'>gentibus</span> <span class='ocrx_word' id='word_1_312' title='bbox 678 3615 685 3671; x_wconf 94' lang='lat'>;</span> <span class='ocrx_word' id='word_1_313' title='bbox 709 3616 733 3671; x_wconf 94' lang='grc'>2,</span> <span class='ocrx_word' id='word_1_314' title='bbox 756 3617 808 3674; x_wconf 92' lang='grc' dir='ltr'>4ο,</span> <span class='ocrx_word' id='word_1_315' title='bbox 833 3617 858 3658; x_wconf 87' lang='lat'>1:</span> <span class='ocrx_word' id='word_1_316' title='bbox 881 3609 1054 3676; x_wconf 89' lang='lat' dir='ltr'>penetratae</span> <span class='ocrx_word' id='word_1_317' title='bbox 1076 3601 1196 3660; x_wconf 88' lang='lat' dir='ltr'>victoria</span> <span class='ocrx_word' id='word_1_318' title='bbox 1214 3600 1322 3671; x_wconf 85' lang='lat' dir='ltr'>Media,</span> <span class='ocrx_word' id='word_1_319' title='bbox 1341 3600 1476 3671; x_wconf 86' lang='lat' dir='ltr'>Albania,</span> <span class='ocrx_word' id='word_1_320' title='bbox 1499 3600 1591 3663; x_wconf 72' lang='lat' dir='ltr'>Indiar</span> 
     </span>
     <span class='ocr_line' id='line_1_32' title="bbox 349 3702 1592 3780; baseline -0.001 -19"><span class='ocrx_word' id='word_1_321' title='bbox 349 3719 379 3773; x_wconf 88' lang='grc'>2,</span> <span class='ocrx_word' id='word_1_322' title='bbox 404 3711 453 3778; x_wconf 89' lang='lat'>47,</span> <span class='ocrx_word' id='word_1_323' title='bbox 479 3719 506 3761; x_wconf 90' lang='lat'>1:</span> <span class='ocrx_word' id='word_1_324' title='bbox 530 3702 573 3761; x_wconf 92' lang='lat' dir='ltr'>bis</span> <span class='ocrx_word' id='word_1_325' title='bbox 595 3711 750 3778; x_wconf 89' lang='lat' dir='ltr'>penetrata</span> <span class='ocrx_word' id='word_1_326' title='bbox 771 3703 936 3773; x_wconf 82' lang='lat' dir='ltr'>Britannia3</span> <span class='ocrx_word' id='word_1_327' title='bbox 959 3718 988 3773; x_wconf 91' lang='grc'>2,</span> <span class='ocrx_word' id='word_1_328' title='bbox 1013 3719 1078 3779; x_wconf 88' lang='lat'>105,</span> <span class='ocrx_word' id='word_1_329' title='bbox 1104 3721 1130 3762; x_wconf 91' lang='lat'>1:</span> <span class='ocrx_word' id='word_1_330' title='bbox 1156 3711 1309 3779; x_wconf 90' lang='lat' dir='ltr'>penetrata</span> <span class='ocrx_word' id='word_1_331' title='bbox 1330 3703 1467 3762; x_wconf 86' lang='lat' dir='ltr'>ulteriora</span> <span class='ocrx_word' id='word_1_332' title='bbox 1488 3702 1592 3780; x_wconf 81' lang='lat' dir='ltr'>(Verg.,</span> 
     </span>
     <span class='ocr_line' id='line_1_33' title="bbox 349 3799 1340 3884; baseline 0.001 -22"><span class='ocrx_word' id='word_1_333' title='bbox 349 3804 422 3863; x_wconf 90' lang='lat' dir='ltr'>Plin.</span> <span class='ocrx_word' id='word_1_334' title='bbox 445 3804 474 3863; x_wconf 89' lang='lat' dir='ltr'>h.</span> <span class='ocrx_word' id='word_1_335' title='bbox 497 3823 525 3863; x_wconf 90' lang='lat' dir='ltr'>n.</span> <span class='ocrx_word' id='word_1_336' title='bbox 547 3803 574 3873; x_wconf 92' lang='grc'>8,</span> <span class='ocrx_word' id='word_1_337' title='bbox 599 3803 633 3861; x_wconf 84' lang='lat'>16</span> <span class='ocrx_word' id='word_1_338' title='bbox 655 3799 716 3880; x_wconf 83' lang='lat'>(19),</span> <span class='ocrx_word' id='word_1_339' title='bbox 739 3819 791 3880; x_wconf 88' lang='grc' dir='ltr'>5ο;</span> <span class='ocrx_word' id='word_1_340' title='bbox 814 3805 892 3864; x_wconf 89' lang='lat' dir='ltr'>Suet.</span> <span class='ocrx_word' id='word_1_341' title='bbox 916 3803 1003 3864; x_wconf 89' lang='lat' dir='ltr'>Caes.</span> <span class='ocrx_word' id='word_1_342' title='bbox 1025 3821 1072 3881; x_wconf 77' lang='lat'>523</span> <span class='ocrx_word' id='word_1_343' title='bbox 1095 3805 1167 3884; x_wconf 86' lang='lat' dir='ltr'>Just.</span> <span class='ocrx_word' id='word_1_344' title='bbox 1189 3820 1233 3879; x_wconf 91' lang='grc'>24,</span> <span class='ocrx_word' id='word_1_345' title='bbox 1253 3821 1281 3878; x_wconf 87' lang='grc'>4,</span> <span class='ocrx_word' id='word_1_346' title='bbox 1305 3804 1340 3881; x_wconf 90' lang='grc'>3).</span> 
     </span>
    </p>

    <p class='ocr_par' dir='ltr' id='par_1_11' title="bbox 349 3891 1638 4292">
     <span class='ocr_line' id='line_1_34' title="bbox 434 3891 1594 3987; baseline -0.003 -22"><span class='ocrx_word' id='word_1_347' title='bbox 434 3907 641 3987; x_wconf 73' lang='lat' dir='ltr'>praefulgere,</span> <span class='ocrx_word' id='word_1_348' title='bbox 663 3906 744 3983; x_wconf 89' lang='lat' dir='ltr'>quod</span> <span class='ocrx_word' id='word_1_349' title='bbox 766 3907 846 3983; x_wconf 90' lang='lat' dir='ltr'>apud</span> <span class='ocrx_word' id='word_1_350' title='bbox 863 3907 1027 3982; x_wconf 86' lang='lat' dir='ltr'>superiores</span> <span class='ocrx_word' id='word_1_351' title='bbox 1049 3917 1152 3983; x_wconf 89' lang='lat' dir='ltr'>poetas</span> <span class='ocrx_word' id='word_1_352' title='bbox 1174 3907 1291 3983; x_wconf 88' lang='lat' dir='ltr'>proprie</span> <span class='ocrx_word' id='word_1_353' title='bbox 1308 3907 1436 3983; x_wconf 89' lang='lat' dir='ltr'>ponitur,</span> <span class='ocrx_word' id='word_1_354' title='bbox 1458 3891 1594 3966; x_wconf 87' lang='lat' dir='ltr'>translate</span> 
     </span>
     <span class='ocr_line' id='line_1_35' title="bbox 349 4008 1593 4087; baseline -0.002 -17"><span class='ocrx_word' id='word_1_355' title='bbox 349 4021 505 4087; x_wconf 90' lang='lat' dir='ltr'>usurpatur</span> <span class='ocrx_word' id='word_1_356' title='bbox 527 4029 546 4069; x_wconf 88' lang='lat' dir='ltr'>a</span> <span class='ocrx_word' id='word_1_357' title='bbox 568 4009 682 4087; x_wconf 88' lang='lat' dir='ltr'>Vellejo</span> <span class='ocrx_word' id='word_1_358' title='bbox 704 4009 799 4084; x_wconf 89' lang='lat' dir='ltr'>primo</span> <span class='ocrx_word' id='word_1_359' title='bbox 821 4011 897 4068; x_wconf 89' lang='lat' dir='ltr'>inter</span> <span class='ocrx_word' id='word_1_360' title='bbox 915 4009 1000 4068; x_wconf 92' lang='lat' dir='ltr'>solut.</span> <span class='ocrx_word' id='word_1_361' title='bbox 1022 4011 1145 4069; x_wconf 86' lang='lat' dir='ltr'>oration.</span> <span class='ocrx_word' id='word_1_362' title='bbox 1168 4008 1323 4084; x_wconf 89' lang='lat' dir='ltr'>scriptores</span> <span class='ocrx_word' id='word_1_363' title='bbox 1351 4025 1377 4079; x_wconf 92' lang='lat'>1,</span> <span class='ocrx_word' id='word_1_364' title='bbox 1403 4025 1449 4083; x_wconf 89' lang='lat'>14,</span> <span class='ocrx_word' id='word_1_365' title='bbox 1476 4027 1502 4067; x_wconf 89' lang='lat'>1:</span> <span class='ocrx_word' id='word_1_366' title='bbox 1531 4024 1593 4067; x_wconf 90' lang='lat' dir='ltr'>nam</span> 
     </span>
     <span class='ocr_line' id='line_1_36' title="bbox 349 4107 1593 4188; baseline -0.005 -18"><span class='ocrx_word' id='word_1_367' title='bbox 349 4113 518 4171; x_wconf 90' lang='lat' dir='ltr'>militarium</span> <span class='ocrx_word' id='word_1_368' title='bbox 539 4107 643 4188; x_wconf 89' lang='lat' dir='ltr'>(suppl.</span> <span class='ocrx_word' id='word_1_369' title='bbox 662 4110 852 4188; x_wconf 87' lang='lat' dir='ltr'>coloniarum)</span> <span class='ocrx_word' id='word_1_370' title='bbox 874 4119 903 4170; x_wconf 90' lang='lat' dir='ltr'>et</span> <span class='ocrx_word' id='word_1_371' title='bbox 925 4128 1033 4171; x_wconf 87' lang='lat' dir='ltr'>causae</span> <span class='ocrx_word' id='word_1_372' title='bbox 1055 4119 1085 4171; x_wconf 91' lang='lat' dir='ltr'>et</span> <span class='ocrx_word' id='word_1_373' title='bbox 1107 4119 1240 4171; x_wconf 87' lang='lat' dir='ltr'>auctores</span> <span class='ocrx_word' id='word_1_374' title='bbox 1263 4129 1299 4170; x_wconf 84' lang='lat' dir='ltr'>ex</span> <span class='ocrx_word' id='word_1_375' title='bbox 1320 4111 1450 4188; x_wconf 90' lang='lat' dir='ltr'>ipsarum</span> <span class='ocrx_word' id='word_1_376' title='bbox 1472 4107 1593 4186; x_wconf 83' lang='lat' dir='ltr'>praesul·</span> 
     </span>
     <span class='ocr_line' id='line_1_37' title="bbox 350 4201 1638 4292; baseline -0.003 -19"><span class='ocrx_word' id='word_1_377' title='bbox 350 4221 422 4290; x_wconf 83' lang='lat' dir='ltr'>gent</span> <span class='ocrx_word' id='word_1_378' title='bbox 443 4214 561 4272; x_wconf 90' lang='lat' dir='ltr'>nomine</span> <span class='ocrx_word' id='word_1_379' title='bbox 582 4213 673 4291; x_wconf 83' lang='lat' dir='ltr'>(Tac,</span> <span class='ocrx_word' id='word_1_380' title='bbox 697 4211 792 4287; x_wconf 78' lang='lat' dir='ltr'>Geli).</span> <span class='ocrx_word' id='word_1_381' title='bbox 951 4233 953 4240; x_wconf 57' lang='lat'><strong><em>⁴</em></strong></span> <span class='ocrx_word' id='word_1_382' title='bbox 1637 4201 1638 4292; x_wconf 94' lang='grc'>7</span> 
     </span>
    </p>

    <p class='ocr_par' dir='ltr' id='par_1_12' title="bbox 349 4312 1638 4698">
     <span class='ocr_line' id='line_1_38' title="bbox 435 4312 1638 4392; baseline -0.007 -18"><span class='ocrx_word' id='word_1_383' title='bbox 435 4315 616 4386; x_wconf 75' lang='lat' dir='ltr'>Praemiere,</span> <span class='ocrx_word' id='word_1_384' title='bbox 645 4315 723 4392; x_wconf 87' lang='lat' dir='ltr'>qnod</span> <span class='ocrx_word' id='word_1_385' title='bbox 750 4315 872 4374; x_wconf 87' lang='lat' dir='ltr'>verbum</span> <span class='ocrx_word' id='word_1_386' title='bbox 898 4314 1040 4374; x_wconf 89' lang='lat' dir='ltr'>Horatius</span> <span class='ocrx_word' id='word_1_387' title='bbox 1061 4312 1119 4390; x_wconf 80' lang='lat' dir='ltr'>(od.</span> <span class='ocrx_word' id='word_1_388' title='bbox 1144 4332 1169 4386; x_wconf 92' lang='lat'>1,</span> <span class='ocrx_word' id='word_1_389' title='bbox 1192 4329 1242 4390; x_wconf 88' lang='grc'>33,</span> <span class='ocrx_word' id='word_1_390' title='bbox 1269 4312 1298 4390; x_wconf 90' lang='grc'>4)</span> <span class='ocrx_word' id='word_1_391' title='bbox 1324 4314 1437 4373; x_wconf 87' lang='lat' dir='ltr'>videtur</span> <span class='ocrx_word' id='word_1_392' title='bbox 1465 4327 1593 4378; x_wconf 88' lang='lat' dir='ltr'>novasse,</span> <span class='ocrx_word' id='word_1_393' title='bbox 1637 4323 1638 4390; x_wconf 89' lang='grc'>7</span> 
     </span>
     <span class='ocr_line' id='line_1_39' title="bbox 349 4411 1593 4493; baseline -0.004 -18"><span class='ocrx_word' id='word_1_394' title='bbox 349 4417 491 4478; x_wconf 89' lang='lat' dir='ltr'>translate</span> <span class='ocrx_word' id='word_1_395' title='bbox 508 4426 605 4477; x_wconf 89' lang='lat' dir='ltr'>exstat</span> <span class='ocrx_word' id='word_1_396' title='bbox 626 4434 651 4487; x_wconf 90' lang='lat'>2,</span> <span class='ocrx_word' id='word_1_397' title='bbox 674 4433 718 4493; x_wconf 90' lang='grc'>35,</span> <span class='ocrx_word' id='word_1_398' title='bbox 743 4433 771 4474; x_wconf 89' lang='lat'>1:</span> <span class='ocrx_word' id='word_1_399' title='bbox 793 4415 842 4475; x_wconf 87' lang='lat' dir='ltr'>ille</span> <span class='ocrx_word' id='word_1_400' title='bbox 864 4416 926 4476; x_wconf 88' lang='lat' dir='ltr'>dies</span> <span class='ocrx_word' id='word_1_401' title='bbox 944 4411 1078 4476; x_wconf 77' lang='lat' dir='ltr'>uirtutem</span> <span class='ocrx_word' id='word_1_402' title='bbox 1096 4416 1138 4475; x_wconf 92' lang='lat' dir='ltr'>M.</span> <span class='ocrx_word' id='word_1_403' title='bbox 1157 4415 1291 4475; x_wconf 79' lang='lat' dir='ltr'>Catonis</span> <span class='ocrx_word' id='word_1_404' title='bbox 1298 4415 1361 4493; x_wconf 89' lang='lat' dir='ltr'>jam</span> <span class='ocrx_word' id='word_1_405' title='bbox 1383 4415 1481 4474; x_wconf 91' lang='lat' dir='ltr'>multis</span> <span class='ocrx_word' id='word_1_406' title='bbox 1503 4415 1533 4472; x_wconf 89' lang='lat' dir='ltr'>in</span> <span class='ocrx_word' id='word_1_407' title='bbox 1554 4429 1593 4470; x_wconf 86' lang='lat' dir='ltr'>re·</span> 
     </span>
     <span class='ocr_line' id='line_1_40' title="bbox 350 4513 1594 4596; baseline -0.006 -18"><span class='ocrx_word' id='word_1_408' title='bbox 350 4520 405 4580; x_wconf 94' lang='lat' dir='ltr'>bus</span> <span class='ocrx_word' id='word_1_409' title='bbox 427 4519 618 4595; x_wconf 89' lang='lat' dir='ltr'>conspicuam</span> <span class='ocrx_word' id='word_1_410' title='bbox 640 4529 729 4596; x_wconf 88' lang='lat' dir='ltr'>atque</span> <span class='ocrx_word' id='word_1_411' title='bbox 751 4517 964 4596; x_wconf 88' lang='lat' dir='ltr'>praenitentem</span> <span class='ocrx_word' id='word_1_412' title='bbox 987 4519 1127 4578; x_wconf 87' lang='lat' dir='ltr'>altissime</span> <span class='ocrx_word' id='word_1_413' title='bbox 1148 4516 1319 4577; x_wconf 88' lang='lat' dir='ltr'>illuminavit</span> <span class='ocrx_word' id='word_1_414' title='bbox 1344 4517 1445 4591; x_wconf 88' lang='lat' dir='ltr'>(Halm</span> <span class='ocrx_word' id='word_1_415' title='bbox 1463 4517 1503 4585; x_wconf 91' lang='lat' dir='ltr'>,in</span> <span class='ocrx_word' id='word_1_416' title='bbox 1520 4513 1594 4574; x_wconf 88' lang='lat' dir='ltr'>altis·</span> 
     </span>
     <span class='ocr_line' id='line_1_41' title="bbox 350 4617 1593 4698; baseline -0.008 -16"><span class='ocrx_word' id='word_1_417' title='bbox 350 4624 424 4682; x_wconf 91' lang='lat' dir='ltr'>simo</span> <span class='ocrx_word' id='word_1_418' title='bbox 455 4622 581 4681; x_wconf 86' lang='lat' dir='ltr'>culmine</span> <span class='ocrx_word' id='word_1_419' title='bbox 611 4619 748 4698; x_wconf 87' lang='lat' dir='ltr'>locavit‘);</span> <span class='ocrx_word' id='word_1_420' title='bbox 776 4637 807 4692; x_wconf 87' lang='lat'>2,</span> <span class='ocrx_word' id='word_1_421' title='bbox 836 4635 886 4696; x_wconf 80' lang='grc'>39,</span> <span class='ocrx_word' id='word_1_422' title='bbox 909 4636 939 4678; x_wconf 85' lang='grc'>2;</span> <span class='ocrx_word' id='word_1_423' title='bbox 971 4638 1097 4696; x_wconf 89' lang='lat' dir='ltr'>quarum</span> <span class='ocrx_word' id='word_1_424' title='bbox 1128 4620 1258 4696; x_wconf 85' lang='lat' dir='ltr'>gentium</span> <span class='ocrx_word' id='word_1_425' title='bbox 1289 4620 1379 4679; x_wconf 90' lang='lat' dir='ltr'>titulis</span> <span class='ocrx_word' id='word_1_426' title='bbox 1410 4619 1506 4678; x_wconf 83' lang='lat' dir='ltr'>iorum</span> <span class='ocrx_word' id='word_1_427' title='bbox 1537 4617 1593 4694; x_wconf 86' lang='lat' dir='ltr'>ejus</span> 
     </span>
    </p>
   </div>
   <div class='ocr_carea' id='block_1_3' title="bbox 0 0 1687 5454">
    <p class='ocr_par' dir='ltr' id='par_1_13' title="bbox 0 0 1687 5454">
     <span class='ocr_line' id='line_1_42' title="bbox 0 0 1687 5454; baseline 0 0"><span class='ocrx_word' id='word_1_428' title='bbox 0 0 1687 5454; x_wconf 95' lang='lat' dir='ltr'> </span> 
     </span>
    </p>
   </div>
  </div>
 </body>
</html>
