3346 5454
630 457 833 516 ..15-

92 631 206 707 jective
229 628 348 702 estrei,
371 629 401 684 r'n
425 646 482 701 quo
499 628 640 702 quispiam
663 632 741 686 tutus
759 633 811 696 esi,
843 627 921 686 velut
939 643 970 702 2,
987 627 1034 703 89,
1053 645 1087 704 4:
1110 629 1194 688 rediit
1217 631 1356 690 securitas

95 715 282 800 hominibus;
310 745 340 798 2·,
364 727 415 805 98,
441 744 467 786 1:
497 745 588 804 quem
615 728 777 787 securitatis
803 728 937 786 urbanae
963 728 1115 790 custodem
1142 729 1298 801 habemus;
1328 750 1355 803 2,

96 834 166 905 128,
190 850 223 907 4:
254 830 284 890 id
307 831 337 890 in
358 831 481 890 tutelam
503 829 665 890 securitatis
689 847 760 888 suae
783 829 908 890 advocet
929 828 1011 904 (Plin.
1035 833 1103 908 maj.
1125 841 1155 891 et
1176 834 1262 905 mim,
1289 834 1356 892 Sen.

94 935 184 1011 phil,
207 933 301 1010 Tac).
1189 986 1194 996 .

188 1033 296 1094 Sensus
317 1034 375 1091 vim
394 1033 484 1091 habet
500 1034 650 1090 sententiae
668 1034 762 1092 verbis
778 1042 932 1109 expressae
953 1048 979 1104 2,
998 1049 1026 1107 9,
1045 1032 1079 1092 6:
1101 1051 1172 1094 sane
1191 1054 1251 1094 non
1270 1017 1354 1112 igno-

94 1155 200 1196 remus
221 1135 419 1214 Pomponium
442 1134 576 1210 sensibus
602 1135 738 1194 crebrum
759 1135 871 1210 (Haase
902 1141 931 1194 'et
957 1133 1050 1194 Halm
1072 1137 1240 1206 ,celebrem‘
1261 1121 1353 1212 (Stat,

95 1238 220 1310 Quint,
243 1233 338 1309 Tau).
383 1234 429 1293 Cs.
447 1234 591 1294 Boettich.
613 1235 698 1316 lexic.
721 1235 816 1318 Tacit.
838 1256 868 1313 p.
891 1252 948 1311 424
973 1233 1069 1310 (Adde
1089 1238 1298 1318 locos'Velleji
1326 1249 1355 1301 et

94 1339 199 1400 Taciti
221 1339 260 1398 ad
283 1337 544 1413 Krebs·Allgayer,
566 1338 721 1396 Antibarb.
744 1337 790 1397 ed
815 1339 850 1420 V.
876 1357 904 1424 p.
929 1334 1022 1415 1062).
1066 1339 1153 1413 Quae
1180 1342 1355 1417 significatio

94 1457 202 1509 aurea,
225 1457 304 1515 quae
324 1445 457 1508 vocatur,
479 1445 578 1516 aetate
605 1431 760 1520 poetarum
781 1440 914 1524 est,3vid.
937 1437 1011 1500 Hor.
1035 1448 1090 1502 sat.
1115 1459 1140 1510 1,
1164 1457 1195 1516 3,
1219 1441 1268 1502 ὁὸ.

187 1540 283 1600 Series
305 1540 422 1616 proprie
444 1548 489 1598 est
509 1537 583 1597 ordo
605 1557 703 1598 rerum
725 1539 850 1600 inulcem
872 1558 1016 1600 noxarum
1038 1523 1203 1622 ,etratione
1224 1545 1354 1620 quedam

94 1625 308 1718 dispositarum
330 1656 361 1712 2,
385 1656 450 1712 120,
472 1657 506 1714 4:
537 1641 707 1716 complexus
729 1649 902 1724 catenarum
925 1642 1030 1702 seriem
1051 1641 1156 1715 (Curt,
1179 1643 1252 1703 Plin.
1267 1629 1353 1722 maj..

13 1757 26 1765 ·
93 1745 196 1814 Suet»,
218 1743 343 1830 posteri
370 1741 475 1801 Cicero
492 1741 549 1801 hac
568 1757 642 1800 voce
660 1761 712 1818 per
729 1741 951 1802 translationem
969 1727 1082 1803 videtur
1104 1744 1153 1816 uti,
1171 1752 1204 1804 ut
1227 1746 1355 1824 Vellejus

91 1847 162 1920 ipse
183 1861 209 1914 2,
230 1844 332 1914 118,1:
356 1843 449 1902 litium
472 1842 561 1902 series
581 1841 723 1918 (Plural.)'
1051 1923 1054 1928 ,

185 1943 266 2004 Situs
288 1943 447 2004 insolenter
468 1943 505 2002 de
528 1944 671 2018 iisrebus
693 1944 805 2016 dicitur,
829 1959 906 2022 quae
927 1946 1142 2014 obsoleverunt,
1165 1947 1196 2004 in
1214 1946 1353 2008 desuetu-

94 2048 202 2116 dinem
224 2047 359 2106 abieruut
381 2060 411 2117 2,
436 2044 501 2116 126,
524 2061 554 2105 2:
580 2047 772 2127 sepultusque
793 2065 830 2106 ac
845 2047 909 2106 situ
933 2047 1047 2106 obsitae
1066 2048 1186 2125 justitia,
1209 2049 1351 2127 aequitas,

91 2149 241 2208 industria
262 2149 371 2208 civitati
389 2146 529 2206 redditae.
564 2146 611 2206 Cl.
632 2139 827 2218 Gell.2o,'1,
848 2164 892 2207 10.

184 2233 315 2326 Spiritus
337 2243 547 2326 praeeuntibus
570 2250 665 2324 poetis
684 2248 790 2309 Ovidio
808 2259 838 2310 et
853 2250 982 2326 Vergilio
1005 2249 1042 2310 de
1061 2235 1211 2312 carissimo
1234 2252 1353 2312 homine

90 2351 215 2429 ponitur
237 2367 262 2422 2,
287 2366 344 2426 123,
366 2367 399 2427 3:
422 2349 604 2410 subresectus
626 2352 722 2433 primo
743 2360 904 2428 conspectu
926 2347 1115 2430 alloquioque
1137 2354 1276 2414 carissimi
1299 2335 1353 2414 sibi

91 2437 217 2530 spiritus
238 2450 338 2528 (etiam
356 2452 535 2512 Germanice
553 2453 669 2526 dicitur:
691 2453 779 2523 ,mein
801 2455 893 2512 liebes
911 2452 1041 2528 Leben‘).
1076 2454 1192 2514 Eadem
1214 2454 1353 2532 loquendi

91 2557 172 2615 ratio
189 2556 336 2632 reperitur
353 2556 383 2614 in
400 2543 739 2632 M.'Aurel.1mper.ad
756 2555 781 2614 F
782 2563 899 2614 ronton.
916 2574 944 2632 p.
960 2570 992 2613 21
1013 2555 1058 2614 ed.
1077 2555 1165 2615 Rom.
1184 2574 1264 2620 anno
1284 2554 1351 2630 1823

90 2656 145 2736 (=
166 2671 238 2732 253,
262 2655 280 2714 8
302 2648 402 2730 Nabl:
426 2655 514 2723 Vale,
539 2672 623 2714 meus
645 2656 761 2732 spiritus
783 2653 877 2730 (Adde
894 2657 993 2716 lexicis
1015 2638 1147 2728 Latinis).

186 2757 318 2816 Tractus.
363 2755 432 2816 Hoc
453 2757 630 2815 vocabulum
656 2758 694 2816 de
719 2775 806 2818 cursu
832 2766 862 2817 et
888 2759 985 2835 spatio
1011 2758 1152 2834 temporis
1174 2765 1347 2834 usurpatum

91 2856 791 2936 1111111011111111111111111,ό,4;1,7,2;
813 2857 1350 2936 1,15,3;2,9,1;2,’1ο,2;2,78,

92 2978 118 3031 1;
143 2978 171 3030 2,
190 2976 239 3036 94,
261 2977 271 3016 1
295 2955 371 3033 (Val.
389 2957 480 3028 Max,
493 2940 572 3017 'Plin
590 2961 667 3037 maj,
686 2960 769 3031 Tac,
788 2961 846 3019 vid.
864 2960 1007 3022 Boettich.
1029 2961 1113 3022 lexic.
1131 2961 1207 3022 Tac.
1226 2980 1256 3037 p.
1274 2960 1349 3036 462).

185 3061 296 3120 Umbra
318 3060 460 3120 translate
478 3060 582 3118 dicitur
603 3078 657 3136 pro
680 3061 884 3142 obscuratione,
906 3064 1015 3120 silentio
1038 3078 1067 3132 2,
1091 3061 1142 3133 68,
1169 3080 1194 3138 1,
1217 3063 1263 3121 cui
1285 3064 1351 3122 loco

90 3165 239 3240 optimam
258 3163 505 3237 interpretationis
523 3151 608 3237 quasi
625 3161 802 3221 medicinam
820 3162 956 3238 praebuit
973 3163 1010 3220 D.
1025 3163 1227 3224 Ruhnkenius.
1251 3163 1349 3223 Verba

90 3274 163 3326 sunt
193 3265 318 3343 Velleji:v
347 3283 443 3342 neque
469 3266 546 3323 enim
578 3283 705 3344 persona
731 3265 867 3324 umbram
895 3273 982 3326 actae
1008 3266 1049 3324 rei
1081 3265 1172 3340 capit,
1204 3283 1282 3340 quae
1308 3266 1348 3323 ita

91 3365 291 3427 Ruhnkenius
317 3366 537 3442 interpretatur:
559 3365 637 3436 ‚Nou
660 3365 726 3425 talis
748 3375 794 3426 est
815 3385 942 3444 persona
965 3365 1097 3436 Coelius,
1120 3373 1151 3424 ut
1174 3366 1263 3424 taceri
1286 3367 1348 3443 ejus

89 3478 162 3528 acta
186 3467 313 3544 possiut;
337 3469 442 3526 umbra
464 3468 510 3526 hic
533 3477 578 3525 est
600 3468 780 3538 obscuratio,
805 3468 952 3527 silentium
975 3467 1012 3526 de
1033 3468 1095 3543 illo;
1118 3484 1179 3525 non
1200 3469 1281 3542 capit
1303 3475 1347 3526 est

90 3587 161 3647 pro:
185 3587 246 3640 non
264 3587 359 3646 capax
377 3577 429 3639 est,
452 3587 511 3636 non
529 3569 648 3644 patitur.
684 3568 765 3627 Rara
786 3568 926 3645 loquendi
948 3568 1052 3638 forma,
1075 3547 1348 3646 cujus'exemplum
1395 3576 1397 3580 ’

90 3691 148 3732 nec
171 3673 234 3748 ipse
256 3671 349 3747 reperi
371 3688 426 3728 uec
448 3671 487 3728 ab
510 3671 573 3729 aliis
596 3677 744 3746 repertum
766 3669 846 3728 scio.‘
961 3703 965 3710 ·

187 3771 367 3830 turritanus
392 3771 472 3847 apud
494 3772 620 3848 Livium,
648 3772 697 3847 qui
724 3772 834 3848 primus
861 3772 918 3832 hac
945 3788 1016 3830 voce
1042 3789 1112 3832 usus
1141 3771 1240 3842 est,8,
1263 3770 1293 3841 8,
1317 3788 1344 3844 4,

89 3893 162 3934 eum
189 3873 348 3948 significat,
375 3875 425 3949 qui
451 3875 591 3931 uexillum
606 3875 680 3950 sert
703 3871 789 3948 (adde
812 3873 886 3932 Tac.
909 3873 974 3932 hist.
998 3889 1022 3943 1,
1045 3871 1098 3947 41).
1143 3873 1198 3932 Ρ11
1220 3872 1345 3932 transla-

89 3979 205 4037 tionem
228 3974 308 4051 apud
332 3974 476 4052 Vellejum
499 3975 626 4051 primum
648 3982 678 4033 et
700 3975 816 4052 saepius
838 3974 919 4052 apud
940 3973 1080 4032 Tacitum
1102 3974 1259 4031 vexillarii
1278 3982 1346 4034 sunt

89 4078 199 4136 milites
222 4076 351 4136 veterani
373 4074 442 4134 iude
464 4076 503 4133 ab
521 4076 648 4154 Augusti
669 4078 858 4152 temporibus,
881 4075 931 4154 qui
948 4075 1099 4151 stipendiis
1118 4075 1176 4134 XX
1198 4094 1343 4135 annorum

90 4179 178 4238 factis
195 4196 232 4237 ex
250 4177 415 4252 legionibus
429 4177 513 4236 electi
527 4178 590 4236 aliis
603 4177 848 4255 adjungebantur,
867 4186 899 4237 ut
912 4195 958 4236 res
973 4159 1151 4254 postulabat,
1170 4178 1345 4253 quibuscum

89 4278 268 4340 militabant.
315 4277 420 4354 Neque
446 4276 542 4337 solum
569 4279 699 4338 veterani
727 4287 824 4349 erant,
856 4279 908 4338 sed
935 4257 1030 4337 etiam
1051 4256 1199 4337 interdum
1226 4280 1342 4350 tirones,

89 4381 250 4456 auxiliarii,
280 4380 405 4454 equites,
438 4380 487 4458 qui
513 4380 556 4462 iu¹
571 4379 751 4461 singularem
778 4379 910 4440 ordinem
938 4379 1092 4454 compositi
1120 4379 1218 4456 aliquo
1250 4383 1346 4440 mitte·

90 4483 209 4540 bantur.
233 4478 383 4538 Vexillarii
400 4489 500 4542 autem
518 4480 753 4558 appellabantur,
772 4481 842 4558 quia
860 4481 1018 4557 separatim
1037 4499 1055 4540 a
1073 4479 1224 4556 legionum
1242 4481 1344 4559 aquilis

89 4581 148 4642 sub
167 4567 291 4659 propriis
310 4581 420 4642 vexillis
438 4584 567 4642 stabant.
598 4581 643 4640 Cf.
662 4581 804 4641 Boettich.
821 4582 905 4642 lexic.
924 4580 1020 4641 Tacit.
1041 4601 1068 4657 p.
1088 4581 1155 4657 489,
1174 4567 1228 4641 ubi
1242 4600 1346 4642 omues
