3346 5454
770 439 773 443 ’
874 424 1076 508 -184

351 640 490 700 Maricae.
526 638 610 698 Adde
632 638 715 699 lexic.
737 637 842 708 Latiu,
866 638 914 714 qui
937 636 1018 696 locos
1040 654 1077 695 ex
1099 635 1210 712 scriptt
1232 653 1256 693 r.
1274 653 1306 705 r.,
1330 635 1405 693 Plin.
1423 635 1507 712 maj,
1526 635 1595 693 Suet.

353 742 521 802 attulerunt.
1278 728 1279 732 ¹

440 845 547 902 Auctus
574 843 690 921 proprie
715 839 819 903 dicitur
845 858 899 916 pro
925 842 1093 898 incremento
1115 855 1145 909 2,
1169 855 1233 915 129,
1254 856 1290 914 4:
1312 839 1414 914 magni
1434 837 1530 897 etiarn
1551 844 1598 895 ter·

354 946 427 1006 roris
444 941 553 1005 bellurn
575 943 707 1003 Africum
725 949 755 1001 et
775 941 922 1000 cotidiano
944 949 1033 1000 auctu
1048 943 1144 1018 majus
1162 940 1308 1018 sepultum
1325 949 1370 1001 est
1389 937 1462 1017 (Liv.
1482 956 1512 1013 4,
1532 954 1556 1008 2,
1572 953 1596 1006 21

355 1063 406 1123 29,
429 1061 476 1122 27,
499 1043 539 1123 sil
570 1045 709 1104 translate
736 1050 830 1102 exstat
851 1059 881 1112 2,
903 1057 958 1117 40,
985 1057 1015 1117 5:
1041 1043 1124 1120 hujus
1152 1042 1204 1100 viri
1226 1041 1376 1118 fastigium
1402 1039 1494 1100 tantis
1517 1040 1597 1098 aucti·

356 1149 410 1207 bus
433 1148 552 1207 fortuna
573 1145 674 1206 extulit
696 1142 811 1224 (Varro,
834 1144 953 1215 Poetae,
975 1144 1058 1214 Tac,
1081 1143 1137 1202 vid.
1160 1143 1303 1203 Boettich.
1321 1144 1405 1203 lexic.
1427 1162 1457 1219 p.
1483 1140 1539 1218 74).

445 1247 547 1324 Caligo
569 1247 710 1309 translate
732 1253 888 1324 usurpatur
916 1265 970 1324 pro
997 1247 1104 1306 usitato
1130 1246 1276 1305 vocabulo
1300 1247 1428 1305 tenebrae
1450 1261 1481 1316 2,
1504 1244 1596 1321 36,11

357 1350 492 1410 omnibus
514 1350 580 1409 viris
601 1348 803 1425 magnitudine
821 1367 874 1408 sua
896 1348 1064 1408 inducturus
1082 1349 1238 1424 caliginem
1261 1344 1334 1426 (1.1.
1353 1349 1493 1408 tenebras
1515 1346 1598 1405 obdu·

323 1449 325 1454 ’
358 1447 478 1529 eturus).

446 1552 595 1612 Claretndo
617 1571 671 1630 pro
693 1539 822 1611 claritate
839 1568 864 1622 2,
885 1568 918 1622 11,
937 1567 968 1627 3:
991 1559 1022 1610 ut
1040 1550 1128 1627 paulo
1146 1557 1216 1610 ante
1232 1551 1383 1609 Domitiae
1406 1547 1545 1618 familiae,
1565 1547 1596 1605 ita

363 1653 509 1715 Caeciliae
531 1654 662 1714 notanda
680 1653 823 1712 claritudo
845 1662 901 1724 est;
924 1667 1008 1728 2,17,
1028 1670 1057 1712 21
1080 1671 1147 1712 cum
1169 1652 1297 1712 familiae
1315 1653 1377 1730 ejus
1399 1650 1544 1710 claritudo
1563 1650 1597 1707 in·

361 1757 495 1816 termissa
516 1765 604 1824 esset;
627 1771 780 1830 2,130,1;
803 1757 852 1832 qui
874 1755 954 1833 quod
972 1773 1103 1832 unquam
1125 1754 1297 1815 claritudine
1314 1755 1445 1822 eminuit,
1470 1753 1501 1812 id
1523 1751 1596 1810 veluti

358 1865 519 1934 cognatum
533 1866 633 1918 censet
642 1857 782 1916 tuendum
793 1855 877 1932 (Cato
887 1857 928 1926 fr,
943 1857 1021 1927 Sall,
1035 1857 1118 1929 Tac,
1129 1856 1166 1917 cf.
1177 1856 1318 1916 Boettich.
1329 1855 1412 1914 lexic.
1422 1856 1499 1914 Tac.
1512 1874 1539 1931 p.
1549 1849 1594 1929 90).

447 1958 612 2019 Claustrum
625 1954 798 2037 (singularis
821 1959 915 2018 forma
934 1958 1013 2018 Curt.
1032 1975 1064 2032 4,
1083 1975 1112 2033 5,
1134 1975 1176 2028 21;
1199 1973 1229 2034 7,
1252 1957 1284 2028 6,
1308 1956 1357 2034 13),
1384 1958 1468 2034 cujus
1491 1954 1595 2032 pluralis

361 2064 489 2121 claustra
516 2080 568 2138 per
593 2061 813 2120 translationem
840 2063 955 2136 ponitur
979 2079 1003 2129 1,
1028 2075 1071 2136 17,
1094 2076 1126 2134 41
1158 2059 1316 2119 eminentia
1342 2060 1484 2137 cujusque
1515 2055 1594 2132 open's

316 2147 318 2152 ¹
362 2164 527 2223 arctissimis
548 2158 714 2238 temporum
737 2163 869 2222 claustris
892 2161 1072 2222 circumdata
1093 2158 1166 2239 (Cic.
1189 2181 1242 2240 pro
1263 2161 1341 2220 Mur.
1363 2159 1390 2230 8,
1415 2175 1457 2235 17:
1483 2159 1595 2218 claustra

299 2331 303 2344 .
365 2264 522 2324 nobilitatis
544 2264 734 2340 perfringere3
757 2261 952 2339 Posteriores).

450 2364 586 2424 Coernn'o
608 2381 633 2435 2,
655 2379 701 2440 47,
724 2382 755 2440 3:
778 2365 830 2424 sed
852 2368 913 2443 ejus
937 2366 1104 2426 consulatus
1126 2383 1245 2425 omnem
1267 2366 1325 2424 vim
1347 2365 1377 2424 in
1399 2364 1594 2422 coercitionem

362 2467 488 2526 ambitus
515 2468 657 2538 exercuit;
684 2484 713 2539 2,
742 2484 799 2553 121,
828 2486 953 2538 iteum
980 2468 1175 2528 dissensiones
1201 2467 1377 2528 coercitione
1399 2467 1497 2542 magis
1519 2481 1594 2542 quam

364 2587 460 2645 poena
493 2568 633 2629 mollisset
659 2566 731 2647 (111.-
758 2567 798 2644 4,
818 2584 866 2645 53,
894 2586 922 2646 7;
950 2570 999 2640 26,
1027 2569 1078 2645 36,
1107 2586 1150 2641 121
1177 2570 1267 2641 Cels,
1293 2570 1360 2628 Sen.
1385 2568 1466 2646 phil,
1482 2605 1486 2610 -
1502 2567 1595 2640 Quint..

362 2671 445 2741 Tac,
467 2667 567 2749 Suet).

426 2771 625 2833 'Commeatus
653 2781 696 2834 est
722 2778 803 2833 aenea
834 2777 916 2834 etiam
944 2783 1031 2834 extra
1056 2795 1116 2834 rem
1148 2775 1299 2833 militarem
1330 2789 1359 2844 2,
1387 2790 1438 2850 99,
1466 2790 1498 2831 21
1530 2786 1595 2829 com·

364 2881 494 2932 meatum
517 2894 535 2932 a
557 2892 659 2934 socero
686 2875 775 2952 petiit.
820 2875 868 2935 Cf.
891 2875 1021 2936 Gronov.
1046 2877 1084 2934 ad
1105 2877 1179 2936 Tac.
1203 2877 1302 2951 Agric.
1324 2891 1349 2951 5,
1374 2875 1423 2952 qui
1444 2874 1545 2933 locum
1564 2869 1596 2928 al·

364 2974 420 3033 fert
442 2993 478 3032 ex
500 2974 562 3034 Cic.
585 2977 668 3060 Verr.
692 2991 718 3052 5,
740 2994 787 3052 43,
812 2993 869 3036 1111
891 2977 1040 3055 Syracusis
1057 2979 1196 3037 remansit
1218 2979 1248 3037 in
1270 2959 1449 3038 commeatu.
1494 2977 1596 3034 Deve

366 3077 417 3135 nia
437 3077 467 3134 in
490 3095 521 3162 re
541 3078 658 3137 militari
681 3087 774 3138 exstat
795 3095 820 3151 2,
845 3095 881 3150 11,
904 3095 930 3138 2.

455 3177 602 3238 Consorte'o
629 3180 729 3240 addito
755 3183 883 3256 genitivo
905 3199 930 3252 2,
954 3199 1001 3258 99,
1027 3198 1053 3253 1;
1075 3198 1099 3252 2,
1125 3159 1242 3258 ro3s3:
1264 3183 1411 3242 consortio
1436 3178 1596 3241 tribuniciae

366 3282 518 3357 potestatis
540 3279 629 3357 (Lim).
674 3282 776 3342 Cicero
798 3283 855 3342 hac
876 3301 947 3343 voce
969 3284 1102 3344 absolute
1128 3286 1217 3344 utitur
1238 3285 1276 3344 de
1297 3285 1346 3342 off.
1370 3301 1400 3358 3,
1415 3279 1455 3352 Ι6,
1478 3281 1530 3342 261
1555 3280 1596 3336 hu·

365 3400 455 3440 mana
477 3385 634 3442 consortie.

453 3481 629 3560 Contemptus
651 3504 704 3562 pro
726 3505 776 3558 eo,
799 3488 878 3565 quod
900 3488 978 3565 apud
1001 3487 1172 3547 Ciceronem
1199 3496 1243 3547 est
1264 3489 1423 3563 contemptio
1446 3502 1476 3558 2,
1501 3485 1552 3554 60,
1572 3494 1596 3553 32

368 3602 464 3661 neque
485 3586 509 3644 is
531 3595 593 3646 erat
616 3597 809 3666 contemptus,
833 3591 884 3649 sed
906 3598 1009 3649 metus
1043 3591 1162 3650 Passivo
1185 3608 1272 3649 sensu
1293 3597 1388 3649 exstat
1410 3587 1498 3648 Caes.
1520 3588 1547 3644 b.
1567 3579 1595 3638 G·

366 3701 391 3756 2,
415 3700 463 3760 30,
486 3703 519 3759 41
542 3671 722 3766 contemptui
743 3708 820 3761 esse,
843 3694 939 3751 activo
961 3693 1040 3768 apud
1062 3693 1147 3751 Auct.
1170 3693 1199 3750 b.
1221 3692 1304 3750 Alex.
1328 3706 1379 3766 74,
1397 3709 1414 3766 3
1437 3681 1596 3763 (Lrv.‚a1ii].

362 3805 364 3810 ’
452 3787 610 3847 Excidiune
632 3809 686 3866 pro
707 3795 857 3868 excisione,
878 3796 1018 3852 eversione
1041 3810 1066 3864 2,
1089 3811 1117 3868 4,
1140 3810 1170 3868 31
1198 3812 1253 3852 nec
1273 3794 1429 3870 quisquam
1451 3801 1595 3852 anteeant
1622 3775 1623 3778 ¹

367 3889 489 3948 clariore
511 3892 626 3950 urbium
647 3893 761 3952 excidio
783 3911 892 3957 nomeu
914 3885 1008 3954 suum
1020 3904 1180 3973 perpetuae
1198 3895 1414 3955 commendavit
1435 3891 1596 3953 memoriae:

368 4006 393 4060 2,
416 3991 462 4067 98,
485 4010 515 4051 2:
537 3994 662 4070 plurimo
685 4014 752 4054 curn
770 4015 871 4056 earum
893 3993 1046 4075 (gentium)
1068 3999 1193 4068 excidi0;
1209 4015 1317 4074 -pro
1335 3999 1451 4055 entere'tn
1469 4013 1494 4066 2,
1514 4002 1596 4070 30,12

369 4094 499 4167 partibus
531 4098 588 4156 suis
619 4097 776 4174 excidium,
802 4100 855 4158 sibi
885 4107 1009 4159 mortem
1036 4086 1198 4160 auctoravit
1218 4097 1322 4174 (Poet.‚
1349 4098 1418 4158 Sall.
1441 4098 1505 4156 hist.
1531 4111 1554 4162 1,
1574 4101 1598 4162 til

370 4211 389 4268 4
421 4194 723 4276 61,12[D.];Liv.).

453 4298 604 4358 Facundia
625 4303 734 4380 aliquid
751 4303 847 4362 diflert
864 4305 902 4362 ab
919 4307 1082 4380 eloquentia,
1101 4313 1132 4364 ut
1149 4324 1185 4364 ex
1203 4303 1303 4375 Quint.
1323 4321 1345 4362 1.
1368 4320 1498 4379 prooem.
1516 4315 1549 4372 23
1566 4295 1600 4351 in·

373 4397 521 4474 telligitur:
550 4409 593 4460 est
618 4406 697 4463 enim
719 4404 856 4464 facundia
883 4404 1006 4466 facilitas
1029 4405 1143 4465 dicendi
1165 4413 1194 4464 et
1216 4407 1314 4481 copia,
1342 4405 1510 4483 eloquentia
1531 4393 1599 4459 addit

370 4500 495 4576 insuper,
518 4510 550 4561 ut
572 4505 647 4564 bene
669 4514 796 4582 apteque
819 4505 940 4566 facilitas
968 4507 1018 4568 illa
1040 4516 1069 4566 et
1090 4509 1176 4584 copia
1202 4506 1383 4567 adhibeatur.
1427 4507 1494 4584 Jam
1517 4503 1600 4559 Varro

370 4601 406 4661 de
424 4603 492 4678 ling.
510 4604 560 4664 lat.
580 4604 607 4677 6,
626 4621 642 4681 7
664 4609 705 4666 ita
727 4609 885 4683 distinguit,
904 4617 935 4668 ut
952 4610 1155 4687 interpretetur
1167 4610 1319 4687 secundos
1336 4625 1407 4678 esse,
1430 4607 1479 4684 qui
1493 4606 1599 4686 sentus,

480 5172 846 5342 A
