3346 5454
866 489 905 499 ...
952 471 989 531 44
1034 491 1075 500 .-

345 643 530 714 effervescat;
549 661 601 719 per
622 643 844 703 translationem
862 645 979 720 ponitur
1002 645 1039 704 de
1060 644 1146 715 bello,
1169 645 1248 721 quod
1266 647 1358 726 maris¹
1376 647 1470 706 instar
1493 651 1591 709 sensim
1638 600 1640 634 1

343 745 532 806 clandestinis
555 745 682 805 motibus
704 752 733 803 et
756 745 881 804 consiliis
899 763 1059 821 exsurgens
1081 747 1178 805 subito
1196 747 1350 807 occasione
1373 749 1444 808 data
1467 751 1590 810 exardet.

345 847 420 907 Vell.
443 864 468 919 2,
493 863 532 923 15,
556 864 582 906 r:
610 864 690 912 mors
713 846 801 905 Drusi
820 848 881 924 jam
905 847 1020 924 pridem
1048 855 1215 908 tumescens
1243 849 1353 909 bellum
1376 851 1518 910 excitavit
1539 852 1591 911 Ita·
1639 927 1640 932 η

264 957 266 962 ’
343 950 440 1009 licum.
476 949 521 1010 Cf.
545 951 635 1024 Verg.
659 965 761 1024 georg.
785 965 807 1018 1,
830 948 901 1024 465:
924 967 1014 1025 saepe
1035 959 1136 1008 monet
1158 950 1351 1027 fraudemque
1373 959 1402 1010 et
1424 961 1532 1028 operta
1553 962 1590 1012 tu·

343 1069 475 1110 mescere
498 1050 584 1109 bella.
608 1081 648 1091 -

431 1169 603 1229 Nonnulla
630 1169 755 1246 denique
781 1172 883 1241 verba»,
906 1189 983 1247 quae
1008 1171 1069 1249 jam
1096 1171 1174 1248 apud
1197 1173 1360 1248 superiores
1387 1173 1544 1250 scriptores
1567 1177 1591 1233 in

344 1274 444 1350 primis
472 1272 552 1349 apud
573 1272 740 1332 Sallustium
767 1280 796 1332 et
817 1273 932 1332 Livium
958 1273 1061 1332 iisdem
1089 1274 1360 1348 significationibus,
1389 1276 1498 1352 quibus
1520 1275 1590 1352 apud

345 1375 492 1452 Vellejum
515 1375 711 1444 inveniuntur,
739 1374 790 1433 sed
809 1375 888 1451 apud
913 1375 979 1470 illos
1002 1376 1155 1451 scriptores
1178 1377 1289 1435 rariora
1310 1385 1390 1446 sunt,
1414 1395 1477 1436 non
1500 1379 1590 1454 putavi

345 1477 472 1536 alienum
491 1495 555 1536 esse
577 1477 689 1536 afferre.
732 1475 808 1536 Cum
831 1494 899 1534 vero
922 1477 983 1554 ejus
1004 1477 1119 1552 generis
1146 1479 1234 1537 verba
1261 1478 1340 1554 apud
1362 1478 1511 1557 Vellejum
1533 1486 1589 1556 per·

342 1579 440 1638 multa
458 1581 528 1651 sint,
557 1596 677 1642 necesse
698 1579 752 1637 fuit
770 1577 879 1656 judicio
902 1577 1031 1661 puodam
1053 1579 1082 1636 in
1108 1579 1141 1638 iis
1164 1579 1319 1638 afferendis
1346 1581 1387 1638 uti
1414 1580 1589 1657 modumque

344 1687 454 1749 tenere,
477 1681 557 1757 quod
579 1698 650 1739 num
672 1697 788 1756 semper
809 1680 880 1738 mihi
898 1679 1060 1754 contigerit,
1084 1678 1131 1738 alii
1151 1681 1289 1758 judicent.

428 1776 546 1858 Alolere
567 1800 585 1857 i.
608 1816 631 1857 s.
653 1818 682 1876 q.
704 1801 812 1869 tollere,
840 1801 1038 1875 exstinguere,
1061 1801 1151 1857 delere
1173 1816 1198 1870 2,
1221 1799 1265 1875 58,
1288 1818 1317 1858 2:
1344 1819 1412 1859 cum
1436 1801 1588 1860 censuisset

295 1957 297 1967 ,
342 1899 461 1961 Cassius
483 1909 691 1960 testamentum
713 1899 848 1960 Caesaris
870 1900 1049 1960 abolendum
1070 1898 1180 1978 (Verg.,
1202 1894 1274 1973 Lis„
1297 1897 1424 1979 poster.).

428 2021 578 2110 Abscedere
604 2038 656 2096 per
682 2019 904 2108 translationem
932 2019 1035 2088 dicitur
1061 2038 1114 2095 pro
1141 2020 1265 2099 auferre
1291 2038 1315 2092 2,
1345 2020 1393 2094 66,
1421 2038 1452 2080 2:
1481 2023 1587 2082 abscisa

343 2124 456 2183 scelere
478 2123 589 2182 Antoni
610 2141 666 2180 vox
688 2122 804 2198 publica
827 2118 909 2199 (Lis,
932 2118 1023 2196 Tac).

428 2244 594 2301 Adhaerere
621 2242 697 2301 alcui
713 2242 861 2300 translate
879 2241 981 2300 dicitur
1003 2260 1056 2318 pro
1078 2243 1257 2319 conjunctum
1280 2261 1336 2299 esse
1362 2261 1423 2300 cum
1448 2245 1527 2320 alpe,
1552 2261 1589 2300 ce·

343 2347 561 2420 materialem,
592 2362 652 2420 quo
680 2361 768 2403 sensu
791 2343 927 2419 frequens
949 2351 997 2414 est
1023 2343 1145 2420 simplex
1172 2344 1293 2401 verbum
1315 2342 1436 2403 haerere
1466 2363 1488 2414 1,
1512 2361 1537 2422 9,
1559 2342 1586 2401 6:

346 2446 454 2504 invidia
477 2435 624 2506 altissimis
655 2445 803 2506 adhaeret.
847 2443 892 2503 Cf.
914 2445 976 2504 Liv.
999 2462 1043 2519 41,
1070 2461 1116 2514 20,
1136 2462 1164 2504 2:
1201 2445 1271 2522 nulli
1295 2446 1431 2505 fortunae
1454 2448 1588 2506 adhaere·

346 2549 398 2606 bat
421 2548 549 2625 animus3
571 2549 642 2608 Plin.
664 2549 693 2606 h.
715 2567 744 2606 n.
769 2563 812 2618 10,
830 2563 863 2606 22
886 2544 948 2625 (26),
971 2563 1016 2622 513
1038 2566 1125 2608 anser
1142 2565 1241 2606 comes
1264 2556 1404 2624 perpetuo
1426 2545 1588 2610 adhaesisse

344 2648 454 2725 Lacydi
473 2649 645 2726 philosopho
668 2648 780 2708 dicitur.

430 2763 596 2826 Adolescere
616 2768 676 2845 jam
695 2766 763 2825 inde
785 2783 804 2824 a
822 2765 957 2826 Sallustio
979 2774 1009 2825 et
1030 2766 1112 2825 Livio
1138 2767 1253 2843 saepius
1280 2768 1422 2828 translata
1451 2769 1587 2845 significa·

343 2869 424 2927 tione
442 2877 598 2945 usurpatur
620 2885 645 2939 2,
670 2885 728 2938 110,
748 2885 777 2926 2:
800 2869 953 2927 Pannonia
977 2867 1105 2952 insolens
1128 2869 1237 2943 longae
1254 2871 1335 2946 pacis
1357 2878 1387 2929 et
1408 2869 1512 2931 adulta
1533 2869 1588 2927 viri·

343 2971 398 3028 bus
425 2966 472 3046 (cf.
495 2970 629 3029 Eoettich.
652 2970 733 3029 lexic.
755 2968 850 3028 Tacit.
873 2988 901 3046 p.
925 2965 978 3043 42).

430 3089 582 3148 Adernare
604 3090 745 3150 translate
766 3089 883 3166 ponitur
904 3105 929 3159 2,
953 3105 978 3159 2,
1001 3105 1030 3146 2:
1058 3090 1145 3148 tantis
1168 3089 1327 3148 adornatus
1349 3090 1502 3151 virtutibus
1524 3089 1586 3166 (Liv.

344 3190 388 3261 28,
413 3208 458 3266 42,
482 3207 512 3267 53
536 3191 645 3264 Quint,
664 3193 747 3261 Tac,
770 3191 842 3250 Plln.
864 3188 929 3267 ep).

428 3295 569 3371 Affeciare
592 3313 644 3371 pro
667 3294 725 3352 sibi
743 3294 894 3351 conciliare
920 3293 1031 3351 studere
1053 3293 1169 3368 ponitur
1186 3309 1211 3364 2,
1234 3309 1281 3368 39,
1302 3309 1327 3351 1:
1351 3292 1465 3352 Gallias
1484 3309 1587 3368 magna

342 3398 427 3456 clade
450 3406 551 3457 nostra
576 3415 665 3473 saepe
692 3405 722 3455 et
747 3395 948 3454 affectavimus
974 3403 1004 3454 et
1026 3395 1175 3454 omisimus
1201 3393 1279 3470 (Sall.
1302 3396 1369 3474 Jug.
1393 3394 1441 3467 66,
1467 3411 1494 3467 13
1521 3395 1586 3454 Tac.

341 3499 406 3558 hist.
433 3515 460 3572 4,
485 3497 542 3575 66).
1322 3489 1324 3494 ’

426 3601 522 3677 Agere
539 3601 690 3659 consulem
708 3616 732 3670 2,
751 3615 796 3675 92,
815 3615 844 3669 2;
864 3617 953 3675 agere
970 3600 1120 3658 aemulum
1141 3616 1166 3670 2,
1192 3614 1255 3676 109,
1275 3615 1304 3670 2;
1323 3601 1419 3676 potius
1438 3598 1585 3676 aequalem

341 3705 435 3762 civem
458 3721 548 3780 quam
570 3703 746 3761 eminentem
773 3703 935 3778 principem
957 3719 1052 3776 ‘agere
1079 3718 1104 3771 2,
1129 3718 1188 3776 124,
1212 3718 1241 3772 2;
1268 3703 1377 3760 locutio
1399 3719 1460 3760 non
1482 3700 1586 3778 optima

344 3805 462 3881 quidem
484 3804 542 3874 illa,
566 3805 619 3864 sed
642 3806 704 3882 jam
730 3804 798 3862 inde
825 3821 844 3862 a
865 3802 946 3862 Livio
973 3821 1028 3860 usu
1054 3811 1173 3886 recepta
1194 3812 1239 3862 est
1260 3822 1314 3880 pro
1339 3821 1385 3874 eo,
1412 3804 1493 3880 quod
1515 3797 1586 3878 apud

336 3907 516 3967 ¹Ciceronem
539 3906 655 3966 dicitur:
678 3914 776 3982 partes
798 3906 868 3983 alcjs
891 3922 988 3991 agere,
1013 3905 1140 3980 speciem
1167 3905 1237 3982 alcjs
1263 3924 1335 3981 prae
1360 3923 1392 3965 se
1418 3906 1503 3966 ferre.
1546 3900 1586 3961 cf.

341 4010 604 4086 Krebs·Allgayer,
614 4008 767 4068 Antibarb.
781 4009 827 4067 ed.
838 4009 875 4067 V.
889 4027 917 4085 p.
934 4023 998 4083 109.
1020 4008 1118 4083 Agere
1133 4007 1261 4078 exulem,
1277 4008 1356 4084 quod
1366 4008 1541 4085 Allgayerus
1553 4022 1585 4064 ex

309 4097 311 4102 ¹
341 4112 455 4190 Vellejo
477 4111 570 4181 affert,
594 4110 674 4188 apud
697 4109 778 4168 illum
801 4129 862 4168 non
882 4111 1034 4168 invenitur.
1057 4141 1097 4152 —
1117 4112 1214 4184 Agere
1231 4110 1361 4167 medium
1380 4120 1520 4188 sequente
1538 4109 1585 4166 du·

340 4214 407 4289 plici
429 4213 558 4288 genitivo
582 4229 607 4283 2,
632 4229 689 4286 114,
713 4229 743 4288 3:
767 4212 934 4288 agebatque
956 4211 1084 4271 medium
1105 4212 1232 4288 plurima
1254 4210 1469 4290 dissimulantis,
1491 4213 1584 4286 aliqua

340 4316 503 4376 inhibentis.
526 4346 565 4356 -
584 4316 681 4391 Agere
702 4317 778 4390 alqm
797 4333 876 4372 reum
890 4298 953 4390 ‘pro
970 4331 1016 4384 eo,
1039 4311 1120 4390 quod
1141 4314 1220 4390 apud
1238 4312 1410 4373 Ciceronem
1432 4323 1475 4374 est
1494 4315 1585 4373 facere

340 4419 420 4495 alqm
443 4436 525 4476 reum
548 4434 573 4488 2,
591 4435 638 4495 45,
659 4435 683 4476 1:
706 4426 789 4476 actus
807 4417 909 4475 incesti
928 4435 1003 4476 reus.
1040 4415 1085 4475 ct.
1104 4413 1189 4474 Ovid.
1207 4424 1277 4474 met.
1296 4431 1335 4492 15,
1353 4414 1404 4490 36:
1426 4423 1584 4492 spretarum

339 4522 437 4596 agitur
464 4521 562 4596 legum
585 4523 667 4603 reus;
697 4519 758 4577 Liv.
782 4535 827 4595 45,
855 4533 898 4594 37,
926 4517 964 4577 8:v
989 4518 1068 4595 apud
1090 4519 1256 4577 contionem
1283 4519 1362 4594 prius
1385 4535 1451 4577 reus
1473 4523 1583 4593 agatur,

337 4623 377 4684 cf.
400 4621 560 4682 Weissenb.
588 4621 626 4680 ad
652 4620 713 4679 Liv.
740 4637 789 4695 24,
817 4635 863 4697 25,
893 4638 916 4680 1.
941 4652 977 4664 —
1007 4619 1097 4692 Quod
1115 4620 1298 4696 participium
1321 4622 1424 4690 ,actus‘
1445 4639 1464 4679 a
1489 4615 1583 4678 multis

436 5146 750 5311 ,Α

237 5312 433 5442 ..Δ
