3346 5454
860 415 1063 471 -,,-

341 603 367 664 7,
396 604 412 666 5
440 584 527 666 (adde
553 587 636 646 lexic.
663 582 797 662 Latinis);
829 585 909 662 apud
935 584 1061 662 optimos
1089 583 1243 659 scriptores
1270 582 1374 644 dicitur
1400 601 1452 658 pro
1481 585 1599 642 incessu

338 686 417 766 (,das
440 682 681 794 Einhergghen‘).

424 788 588 849 tmturitos
610 789 753 848 translata
774 786 987 862 significatione
1008 783 1125 862 ponitur
1147 803 1200 861 pro
1222 792 1324 846 exacto
1338 789 1446 862 piritio
1470 797 1499 846 et
1518 799 1599 864 pru-

339 893 435 950 dentio
448 881 525 966 (host
542 891 598 961 ,die
608 890 691 950 Reife
702 889 753 964 des
763 888 955 964 Verstandes,
968 887 1054 947 reiies
1064 885 1186 959 Urteil‘),
1202 904 1279 964 quae
1293 904 1361 946 cum
1376 889 1462 947 rebus
1476 871 1599 949 mature

341 1000 371 1052 et
393 991 548 1066 diligenter
569 985 769 1068 expendendis
792 998 1001 1066 comparantur
1024 1005 1048 1058 2,
1069 1004 1126 1064 125,
1145 1005 1176 1064 51
1199 988 1251 1048 sed
1273 990 1346 1050 haec
1368 993 1469 1050 omnia
1488 995 1599 1052 veteris

340 1095 524 1170 imperatoris
551 1093 703 1152 maturitas
730 1093 809 1151 brevi
836 1092 922 1168 sopiit
949 1110 985 1152 ac
1012 1088 1335 1166 1111111111,(Τ20.11111.
1362 1109 1388 1157 1,
1416 1091 1463 1168 873
1492 1095 1596 1152 Amm.

340 1195 435 1254 Marci
460 1212 505 1268 14,
530 1213 557 1265 1,
583 1193 636 1270 10).
1027 1273 1031 1278 1

425 1296 594 1354 amotionem
613 1297 716 1356 hebere
733 1287 787 1372 pro
805 1313 849 1364 eo,
870 1291 948 1372 quod
967 1277 1109 1370 estapud
1124 1292 1297 1352 Ciceronem
1312 1297 1474 1354 mentionem
1485 1297 1599 1374 facere

340 1413 365 1467 2,
384 1397 429 1467 62,
448 1413 478 1472 51
503 1397 638 1458 Caesaris
658 1398 737 1457 nulla
759 1397 868 1455 mentio
887 1395 1010 1454 habita.'
1029 1394 1075 1454 cf.
1093 1394 1155 1453 Liv.
1174 1393 1219 1470 38,
1238 1393 1283 1472 56,
1303 1407 1332 1472 7;
1355 1397 1464 1456 Ascon.
1482 1397 1512 1454 in
1532 1396 1598 1456 Cic.

340 1500 369 1557 in
388 1508 448 1574 tog.
467 1501 551 1559 cand.
570 1518 597 1576 p.
613 1499 658 1574 76,
676 1517 702 1558 11
722 1500 768 1586 ed.
785 1497 934 1572 Kiessling
951 1505 980 1555 et
994 1496 1123 1566 Schoell;⁴
1139 1495 1200 1554 Liv.
1220 1514 1265 1571 ep.
1283 1497 1344 1572 1'19;
1364 1481 1437 1574 Just.
1454 1514 1495 1572 13,
1506 1515 1531 1568 2,
1546 1515 1596 1566 1o;

339 1601 420 1678 Sulp,
442 1602 507 1660 Sev.
530 1620 576 1678 ep.
599 1618 624 1671 2,
651 1616 695 1675 15.
718 1629 759 1644 -
780 1599 962 1664 Mentionem
984 1600 1082 1677 jacere
1106 1614 1129 1667 2,
1153 1597 1234 1674 651
1257 1596 1341 1671 (Hor.
1363 1606 1419 1658 sat.
1443 1617 1464 1669 1,
1489 1618 1516 1674 4,
1543 1618 1597 1674 94:

329 1705 520 1762 mentionem
543 1697 679 1780 injicere).
784 1749 787 1754 .
1097 1779 1098 1784 η

396 1877 399 1882 ¹
424 1802 611 1862 Merim'anuc
628 1801 728 1877 (intell.
747 1799 800 1878 sol)
821 1820 875 1879 pro
893 1802 1079 1888 substantivo
1092 1809 1187 1862 exstat
1205 1801 1284 1880 apud
1300 1801 1446 1882 Vellejum
1464 1804 1593 1878 primum

336 1922 365 1976 2,
392 1904 454 1972 126,
478 1921 509 1979 51
542 1899 681 1980 quicquid
705 1905 868 1963 meridiano
891 1911 942 1962 aut
964 1903 1162 1980 septentrione
1184 1904 1281 1962 finitur
1302 1901 1390 1978 (Flor.
1413 1921 1445 1979 4,
1470 1921 1513 1974 12,
1538 1921 1592 1978 40:

339 2008 412 2068 haec
430 2004 469 2066 ad
485 2007 728 2084 septentrionem:
746 2006 801 2064 sub
820 2005 982 2064 meridiano
1000 2003 1211 2063 tumultuatum
1226 2007 1325 2081 magis
1342 2024 1432 2082 quam
1451 2006 1593 2066 bellatum

338 2115 396 2177 est;
416 2096 453 2166 cf.
467 2109 639 2186 interpretes
657 2107 695 2166 ad
712 2107 793 2166 locos
804 2103 907 2182 Velleji
920 2114 953 2163 ,et
970 2105 994 2164 F
995 2105 1061 2174 lori;
1080 2104 1157 2164 adde
1175 2105 1243 2164 lsid.
1261 2121 1286 2182 5,
1301 2121 1349 2181 55,
1363 2101 1399 2182 8).
1432 2106 1595 2167 Freundius

337 2215 368 2267 et
390 2209 524 2268 Klotzius
545 2208 746 2286 lexicographi
768 2207 842 2266 salso
864 2206 1075 2266 nominativum
1099 2207 1293 2268 meridianum
1316 2207 1435 2268 iaciunt.

430 2309 619 2368 Obseruantia
641 2311 759 2386 propria
781 2309 995 2384 significatione
1016 2325 1070 2384 pro
1092 2308 1282 2368 observatione
1304 2309 1408 2370 dicitur
1430 2326 1455 2380 2,
1477 2310 1545 2381 106,
1565 2327 1595 2386 51

340 2417 370 2469 et
391 2411 497 2470 eadem
526 2412 600 2470 mira
627 2391 820 2471 felicitate'et
848 2428 919 2469 cura
946 2409 1040 2494 ducis,
1067 2417 1234 2487 temporum
1257 2429 1375 2488 quoque
1396 2413 1594 2482 observantia,
1639 2479 1640 2484 η

335 2513 439 2574 classis
462 2513 601 2572 exercitui
622 2512 802 2589 Caesarique
826 2530 860 2571 se
885 2513 988 2589 junxit.
1030 2511 1118 2587 Apud
1141 2511 1315 2573 Ciceronem
1337 2513 1518 2572 obseruantia
1542 2524 1593 2580 est,

338 2634 391 2692 per
413 2634 503 2692 quam
526 2605 624 2676 aetate
646 2624 697 2676 aut
723 2615 866 2692 sapientia
893 2621 945 2672 aut
971 2614 1083 2672 honore
1109 2623 1161 2672 aut
1187 2615 1286 2692 aliqua
1301 2612 1451 2690 ¹dignitate
1474 2623 1594 2674 antece·

341 2717 443 2778 dentes
466 2735 599 2778 veremur
618 2725 648 2778 et
669 2719 801 2776 colimus.

427 2819 590 2877 Ordinatio.
629 2819 716 2878 Haec
738 2836 794 2879 vox
821 2817 891 2896 quid
913 2819 944 2876 in
965 2818 1161 2878 architectura
1183 2818 1342 2894 significet,
1365 2816 1537 2894 intelligitur
1559 2836 1591 2876 er

340 2921 413 2980 Vitr.
443 2936 469 2988 1,
492 2935 521 2988 2,
546 2937 572 2978 1:
605 2920 801 2979 architectura
828 2928 946 2981 constat
971 2939 1008 2978 ex
1034 2919 1232 2990 ordinatione,
1255 2937 1333 2996 quae
1355 2918 1472 2978 Graece
1499 2913 1590 2995 τάξις

338 3021 443 3080 dicitur
466 3028 496 3080 et
518 3040 555 3080 ex
577 3021 773 3098 dispositione.
817 3021 874 3080 Pro
896 3013 1079 3091 institutione,
1100 3023 1279 3096 dispositione
1301 3021 1417 3096 ponitur
1439 3038 1457 3080 a
1476 3021 1590 3100 Vellejo

336 3109 432 3208 primo
454 3139 479 3191 2,
502 3139 560 3196 124,
579 3139 610 3197 51
637 3123 763 3200 primum
784 3123 988 3199 principalium
1010 3116 1074 3200 ejus
1097 3141 1220 3200 operum
1241 3130 1306 3181 erat
1328 3122 1474 3181 ordinatio
1498 3123 1587 3181 comi·

338 3225 442 3282 tiorum
467 3223 551 3302 (Col,
573 3224 647 3284 Plin.
670 3243 730 3300 ep,
753 3220 851 3297 Suet).
1632 3255 1634 3350 1

425 3325 511 3396 Quies
534 3344 587 3401 pro
609 3328 716 3384 somnio
739 3335 947 3402 usurpatore,
971 3342 1021 3402 70,
1046 3343 1072 3386 11
1099 3327 1214 3388 medico
1236 3327 1410 3386 manifestae
1433 3326 1586 3386 denuntia·

336 3412 416 3485 tione
444 3428 549 3503 quietis
576 3429 684 3488 territo.
728 3427 775 3520 Cf.
798 3427 871 3488 Tac.
894 3446 963 3488 ann.
988 3445 1014 3499 1,
1037 3427 1086 3504 ⁶53
1114 3443 1143 3499 2,
1169 3444 1214 3503 14;
1245 3443 1356 3504 12,15;
1388 3426 1485 3498 16,1;
1516 3428 1584 3486 8121.

335 3527 431 3606 Theb.
457 3544 505 3598 10,
529 3543 584 3605 205
606 3519 637 3588 et
659 3545 723 3606 324.

422 3627 577 3706 Scriptura
599 3631 679 3707 apud
700 3631 828 3708 optimos
847 3632 1003 3710 scriptores
1021 3640 1073 3692 aut
1089 3641 1182 3692 aetum
1201 3631 1346 3694 seri'beridi
1360 3632 1506 3708 significat
1525 3633 1543 3690 i.
1561 3647 1585 3688 e.
1626 3663 1630 3766 j

334 3732 526 3806 scriptionem,
550 3740 602 3790 aut
621 3735 734 3790 modum
758 3734 903 3791 scribendi
921 3735 939 3791 i.
963 3752 989 3794 e.
1011 3736 1108 3792 sti'lum
1131 3731 1219 3812 (Veli.
1243 3750 1272 3804 2,
1294 3747 1396 3810 52,⁴3:
1428 3733 1585 3811 scripturae

334 3830 459 3907 modus),
478 3832 530 3892 sed
548 3851 608 3891 uno
625 3809 692 3892 loco
710 3833 789 3910 apud
805 3834 950 3911 Vellejum
965 3835 1068 3894 dicitur
1086 3855 1140 3912 pro
1159 3837 1348 3912 inscriptione,
1367 3853 1426 3911 qua
1445 3832 1583 3911 equestris
1628 3801 1629 3872 1

315 3996 318 4001 ,
335 3941 433 3993 statua
447 3942 568 3993 ornatur
581 3949 609 4005 2,
619 3933 662 4005 61,
676 3951 708 4010 51
726 3953 803 4012 quae
818 3936 964 4012 hodieque
976 3937 1007 3996 in
1022 3937 1136 3997 Rostris
1144 3938 1245 4016 ,posita
1258 3934 1419 4013 (costatus
1433 3929 1584 4012 equestris)

334 4043 463 4094 aetatem
486 4037 548 4114 ejus
570 4036 714 4114 scriptura
734 4037 852 4096 indicat.
888 4037 974 4098 Haec
992 4038 1163 4116 significatio
1182 4040 1262 4114 apud
1279 4039 1391 4098 nullum
1410 4037 1499 4096 alium
1520 4033 1584 4096 scri·

334 4144 448 4211 ptorem
471 4137 583 4196 videtur
605 4146 730 4198 exstare.
895 4119 901 4134 ⁸

421 4235 568 4296 Securitas
589 4240 670 4318 apud
691 4241 817 4316 optimos
841 4241 996 4316 scriptores
1018 4241 1163 4322 significat
1183 4243 1349 4300 nocuitatem
1367 4261 1386 4300 e
1404 4260 1485 4310 curo,
1509 4237 1583 4298 unde

334 4337 508 4418 tranquillus
525 4341 560 4398 fit
574 4331 697 4411 animus,
721 4341 800 4417 apud
815 4333 967 4426 Vellejum·
982 4351 1011 4402 et
1033 4344 1207 4419 posteriores
1230 4343 1347 4418 ponitur
1369 4343 1496 4418 primum
1519 4340 1584 4402 sub·

331 4438 435 4516 jective
457 4439 487 4498 in
509 4441 620 4500 malam
642 4450 757 4520 partem
780 4461 833 4518 pro
855 4446 1031 4514 remissione,
1050 4445 1234 4522 negligentiis!
1250 4460 1278 4517 2,
1304 4443 1366 4512 118,
1389 4459 1419 4502 21
1450 4443 1582 4521 frequen·

333 4539 476 4599 tissimum
498 4540 610 4600 initium
633 4561 699 4603 esse
720 4544 895 4604 calamitatis
924 4539 1109 4605 securitatem
1131 4542 1255 4618 (Quint,
1274 4545 1371 4622 Tac.);
1400 4544 1507 4604 deinde
1533 4543 1581 4602 ob-

549 5172 779 5411 *i
