3346 5454
883 457 922 469 -
967 441 1088 501 54..

368 616 489 675 omnino
515 634 568 694 pro
591 617 768 685 excellenter,
797 615 947 690 magnifice
972 613 1088 690 ponitur
1117 631 1141 684 1,
1165 611 1196 684 6,
1221 629 1252 687 3:
1283 609 1387 687 Sparta
1413 611 1600 670 excelsissime

365 718 470 776 floruit.
1391 784 1394 790 Ι

454 820 577 894 Proprie
595 819 738 892 significat
750 821 911 894 praecipue,
930 819 960 874 z'n
976 819 1092 892 premii,
1111 807 1170 874 sive
1188 822 1220 873 ut
1237 816 1325 890 vulgo
1343 815 1499 890 loquuntur
1513 817 1598 872 streete

366 941 450 980 sense
472 937 496 990 2,
516 937 543 995 9,
562 936 577 976 2
584 937 591 988 ;
615 919 648 977 C.
666 918 780 978 Mucius
800 919 870 996 juris
892 919 1013 976 scientia
1034 936 1123 994 quam
1145 918 1260 994 proprie
1284 915 1468 992 eloquentiae
1490 915 1600 974 nomine

368 1021 508 1094 celebrior
530 1021 592 1079 suit.
628 1020 674 1079 Cf.
691 1019 772 1078 Kritz
794 1019 832 1077 ad
847 1019 924 1078 11211.
946 1035 970 1089 2,
990 1036 1017 1095 9,
1039 1034 1069 1088 2;
1092 1018 1247 1078 Frotscher
1265 1016 1303 1076 ad
1323 1016 1422 1088 Quint.
1444 1032 1597 1088 10,1,114.

457 1122 599 1194 Quantum
693 1115 802 1178 tentum
825 1139 892 1181 cum
914 1120 1019 1196 superl.
1042 1122 1230 1197 repetitura,
1255 1137 1292 1191 11,
1318 1137 1343 1178 r:
1366 1127 1508 1196 quantum
1529 1119 1599 1176 bello

368 1225 504 1300 optimus,
528 1232 640 1283 tantum
663 1241 738 1298 pace
759 1224 910 1301 pessimus
945 1223 1091 1298 Sequente
1113 1224 1235 1298 positiva
1257 1223 1351 1281 forma
1373 1221 1505 1298 adjectivi
1518 1220 1598 1293 Verg.

368 1343 470 1402 georg.
493 1343 521 1399 4,
546 1341 608 1394 101;
631 1325 705 1383 Hor.
728 1333 782 1385 sat.
805 1341 830 1396 2,
853 1340 878 1400 5,
901 1324 950 1384 80.

455 1407 625 1497 Salubreter,
653 1426 732 1504 quod
755 1428 833 1502 apud
855 1436 965 1487 veteres
993 1429 1147 1504 scriptores
1174 1427 1287 1496 dicitur,
1316 1425 1365 1484 ubi
1387 1424 1423 1484 de
1445 1423 1601 1483 valetudine

372 1530 501 1606 corporis
523 1530 683 1605 quaeritur,
708 1530 768 1605 jam
792 1529 859 1587 inde
880 1547 899 1588 a
920 1528 1003 1587 Livio
1025 1547 1076 1606 per
1098 1529 1319 1588 translationem
1341 1528 1457 1604 ponitur
1481 1544 1532 1601 pro
1553 1529 1600 1582 uti·

367 1633 441 1700 liter,
460 1627 595 1689 commode
617 1646 641 1700 2,
664 1627 710 1705 89,
735 1647 768 1704 4:
790 1629 871 1706 leges
892 1629 970 1690 latae
992 1639 1059 1690 sunt
1080 1631 1240 1690 salubriter.

455 1729 587 1807 Segne'ter
609 1728 733 1807 (semper
756 1731 1034 1806 additanegatione
1055 1728 1121 1808 non)
1144 1747 1168 1802 2,
1192 1730 1240 1806 69,
1263 1747 1291 1789 2:
1315 1747 1375 1790 non
1397 1730 1526 1804 segniter
1547 1746 1599 1786 cer-

369 1835 462 1902 vicem
480 1833 562 1902 dare3
586 1849 611 1905 2,
630 1832 674 1908 87,
695 1850 720 1891 1:
743 1814 803 1891 non
825 1833 953 1907 segniter
974 1850 1006 1891 se
1023 1834 1179 1901 interemit;
1202 1851 1261 1891 non
1279 1833 1398 1908 segnius
1415 1849 1447 1890 se
1464 1831 1599 1890 interemit
1658 1875 1659 1898 ,

370 1951 401 2006 2,
425 1934 456 2006 6,
481 1935 512 2005 6;
536 1953 596 1994 nou
618 1937 735 2010 segnius
757 1938 815 1994 vita
837 1935 907 1996 abiit
928 1951 957 2005 2,
980 1951 1023 2011 35,
1046 1951 1063 2011 5
1084 1934 1181 2011 (Nep,
1205 1933 1285 2004 Sall,
1308 1930 1362 2018 ab).

456 2036 580 2120 Speee'ose
602 2037 666 2124 is.
688 2057 716 2115 q.
739 2045 845 2108 ornate,
868 2039 1018 2114 magnifiee
1040 2053 1065 2107 2,
1088 2053 1133 2114 45,
1156 2054 1187 2112 3:
1208 2037 1289 2112 cujus
1312 2035 1416 2094 domus
1438 2036 1566 2110 speciose
1584 2051 1599 2090 a

372 2148 477 2199 senatu
499 2140 630 2198 restituta
648 2148 693 2198 est
718 2138 851 2213 (Plin..h.
874 2159 902 2198 n.
925 2157 973 2215 35,
997 2154 1012 2213 7
1035 2136 1098 2217 (31),
1121 2155 1174 2215 49:
1206 2137 1335 2214 speciose
1357 2135 1437 2213 vehi).
1483 2136 1600 2212 Compa-

367 2242 475 2300 rativus
493 2240 577 2318 hujus
596 2241 723 2300 adverbii
740 2246 834 2300 exstat
852 2240 931 2324 apud
946 2239 1110 2326 Horatium,
1129 2239 1251 2332 Ifivium,
1270 2240 1355 2309 alios;
1375 2237 1513 2315 superlat.
1531 2237 1601 2315 apud

371 2343 457 2402 Auct.
479 2343 508 2400 b.
531 2343 619 2401 Afric.
641 2342 690 2416 48,
714 2340 745 2413 6;
768 2343 849 2413 8211,
872 2343 947 2412 1111,
970 2343 1007 2402 al.

457 2442 581 2502 Subinde
603 2462 668 2520 pro:
692 2445 797 2514 crebro,
814 2455 869 2520 per
892 2446 1090 2515 intervellere,
1113 2443 1158 2518 65,
1183 2460 1208 2502 1:
1231 2461 1299 2502 cum
1321 2443 1465 2503 Antonius
1490 2441 1601 2502 subinde

371 2543 528 2604 Caesarem
551 2546 720 2604 admoneret
743 2543 827 2623 (Lim,
851 2544 928 2616 Col,
951 2544 1024 2603 Plin.
1047 2563 1106 2622 ep.,
1128 2539 1226 2622 Suet).

466 2647 548 2705 Ultro
575 2648 665 2707 semel
691 2647 769 2724 apud
792 2647 936 2726 Vellejum
962 2654 1056 2706 exstat
1078 2663 1106 2718 2,
1132 2663 1195 2718 120,
1219 2646 1251 2705 6:
1282 2648 1356 2705 ultro
1378 2646 1516 2705 Rhenum
1542 2663 1602 2705 cum

373 2749 501 2807 exercitu
527 2748 745 2824 transgreditur.
784 2749 831 2808 De
856 2749 883 2806 vi
906 2758 935 2808 et
952 2767 1006 2808 usu
1029 2750 1112 2828 hujus
1130 2749 1208 2807 vocis
1231 2748 1330 2808 videas
1348 2747 1485 2807 Doederl.
1503 2747 1600 2825 Synon.

367 2849 433 2908 Lat.
456 2849 511 2908 Ill.
537 2869 565 2926 p.
591 2865 642 2910 102
661 2860 690 2909 et
714 2866 776 2920 110;
799 2849 940 2911 Boettich.
963 2851 1045 2910 lexic.
1063 2850 1136 2910 Tac.
1155 2870 1183 2926 p.
1201 2864 1272 2926 474;
1295 2850 1376 2908 Kritz
1398 2849 1435 2910 ad
1458 2848 1526 2909 Sall.
1544 2849 1601 2928 Jug.

372 2965 410 3025 15³
432 2967 454 3008 1·
473 2969 501 3026 1)·
525 2968 570 3027 93·

462 3052 566 3112 Volr'de.
612 3053 700 3113 Hanc
725 3054 842 3130 plenam
870 3053 995 3116 sormam
1017 3048 1146 3132 Vellejus
1173 3071 1287 3130 semper
1314 3061 1447 3130 usurpat,
1479 3053 1556 3112 velut
1578 3067 1599 3120 2,

366 3169 415 3229 29,
438 3170 468 3230 51
491 3155 585 3215 timeri
606 3156 739 3227 validius;
761 3172 786 3226 2,
809 3155 854 3232 98,
877 3172 908 3230 3:
930 3155 1050 3214 validius
1073 3155 1192 3230 diligere
1209 3153 1319 3232 (Plaut,
1343 3154 1424 3215 Cael.
1446 3153 1527 3231 apud
1544 3151 1598 3212 Cic.

368 3255 440 3314 fam.
461 3255 493 3328 8,
516 3273 545 3329 2,
570 3273 595 3328 1;
619 3258 691 3318 Plin.
714 3256 778 3334 ep).

465 3358 548 3418 Varie
570 3378 623 3436 pro
645 3362 729 3418 vareo
744 3347 876 3438 fortune
898 3360 1002 3446 dicitur
1024 3378 1048 3432 2,
1071 3359 1116 3435 38,
1139 3377 1170 3434 4:
1193 3360 1338 3437 Hispania
1359 3360 1438 3419 varie
1459 3370 1603 3435 possessa:

370 3479 422 3536 per
444 3463 666 3521 translationem
692 3468 859 3538 usurpatur,
888 3462 937 3520 ubi
964 3462 1001 3522 de
1027 3463 1154 3522 moribus
1181 3471 1210 3521 et
1229 3461 1332 3544 indole
1353 3460 1462 3521 Tiberii
1484 3459 1603 3521 Neronis

371 3581 467 3624 sermo
494 3563 525 3622 fit
547 3580 576 3632 2,
601 3580 664 3635 101,
689 3581 714 3622 1:
744 3572 806 3623 tam
832 3565 910 3624 varie
935 3584 967 3624 se
992 3566 1081 3641 gessit
1106 3561 1133 3641 (1.
1157 3583 1181 3625 e.
1204 3574 1266 3624 tam
1288 3565 1382 3623 varios
1404 3565 1433 3622 in
1455 3572 1603 3640 utramque

370 3674 485 3742 partem
507 3665 536 3723 111
558 3666 667 3724 bonam
690 3674 719 3725 et
741 3668 769 3725 in
792 3666 902 3726 malam
924 3666 1106 3726 discedentes
1128 3683 1224 3724 mores
1246 3683 1316 3741 prae
1339 3683 1370 3724 se
1391 3663 1472 3742 tulit).

390 3783 393 3790 ·
461 3767 573 3826 Ve're'tine
592 3786 643 3844 per
661 3767 883 3827 translationem
901 3768 1003 3826 dicitur
1020 3784 1073 3843 pro
1090 3770 1268 3837 nominatim,¹
1285 3769 1453 3843 singulatim
1472 3783 1497 3838 2,
1519 3765 1559 3838 16,
1576 3779 1601 3839 3:

369 3873 464 3947 ipsum
486 3871 590 3929 viritim
612 3870 726 3930 civitate
749 3870 888 3929 donando
910 3869 992 3944 (Hor.
1011 3887 1056 3946 ep.
1079 3885 1212 3947 2,1,92;
1235 3869 1303 3928 Sall.
1326 3869 1392 3946 Jug.
1411 3886 1459 3945 49,
1478 3884 1511 3943 4;
1535 3866 1602 3934 eol.

367 3971 440 4031 Plin.
463 3974 544 4050 maj„
567 3971 634 4033 Sen.
656 3972 738 4049 phil,
757 3969 843 4043 Tac,
867 3969 967 4048 Cart).

737 4311 800 4384 De
826 4310 979 4384 ratione
1004 4309 1240 4407 syntectica.

452 4482 554 4542 Restat
574 4483 643 4559 jam,
668 4490 805 4558 utquam
828 4482 857 4541 in
880 4483 992 4558 syntaxi
1014 4483 1157 4542 rationem
1181 4490 1297 4541 secutus
1315 4483 1350 4542 sit
1364 4482 1491 4560 Vellejus
1508 4480 1604 4538 videa·

318 4639 321 4646 .
369 4601 444 4643 mus.
487 4583 542 4642 Sed
565 4584 704 4660 quoniam
726 4601 828 4643 earum
854 4601 963 4655 rerum,
991 4602 1067 4660 quae
1088 4584 1126 4643 ad
1148 4583 1205 4642 hoc
1226 4601 1318 4660 genus
1344 4585 1519 4661 pertineant,
1544 4584 1603 4659 jam

323 5038 746 5230 ...⁸1
