3346 5454
854 407 1058 465 ..2,..

338 609 378 620 -
392 575 735 656 *posteritasaposteri
757 593 782 647 2,
805 575 853 648 66,
876 592 892 654 5
914 575 983 654 (Cic.
1007 577 1044 637 de
1066 579 1150 637 amic.
1168 595 1196 652 4,
1220 593 1264 656 ι5;
1287 577 1327 638 ad
1348 579 1408 639 Att.
1434 579 1587 656 12,19,1).

338 709 380 752 -r
406 681 560 757 progenies
582 703 624 731 ι-
647 681 783 758 prognati
806 696 833 750 1,
856 696 887 752 2,
911 696 922 738 1
949 677 1019 755 (Cic.
1042 679 1132 739 Tusc.
1157 697 1181 750 1,
1205 694 1255 756 55,
1279 677 1327 755 85;
1353 679 1431 740 Tim.
1458 697 1484 739 11
1511 682 1586 752 init.;

338 799 392 858 pro
414 780 515 842 Caelio
538 799 585 857 14,
608 797 658 858 34;
681 781 743 840 Liv.
767 797 793 850 r,
818 778 865 850 rt,
888 779 923 856 5).
947 780 1113 841 -reditus
1135 781 1208 856 plur.
1230 797 1260 850 2,
1284 797 1334 858 39,
1357 797 1386 851 2;
1409 797 1439 852 2,
1465 796 1534 858 107,
1558 799 1586 857 3;

337 899 367 955 2,
392 900 453 959 114,
477 899 493 960 5
514 881 585 960 (Liv.
607 881 705 960 saep).
729 911 769 926 -
803 876 971 942 ‘saecrdum
998 901 1051 960 pro
1078 883 1256 954 hominibus,
1282 883 1333 962 qui
1363 882 1462 961 aliqua
1489 890 1587 944 aetate

337 985 439 1046 vivunt
460 1001 485 1057 2,
510 983 547 1056 ir,
572 1003 594 1044 ι.
1270 985 1273 997 “

424 1087 611 1148 Substantiva
632 1085 820 1164 deminutiva,
839 1103 918 1164 quae
939 1093 1089 1158 vocantur,
1112 1087 1191 1162 apud
1210 1087 1354 1166 Vellejum
1376 1096 1506 1148 exstant:
1531 1088 1589 1147 cul·

336 1187 421 1249 tellus
443 1204 468 1260 2,
493 1205 535 1264 14,
559 1205 570 1247 1
594 1186 707 1262 (Varro,
729 1188 803 1259 Col,
825 1187 898 1248 Plin.
917 1189 994 1265 maj..
1017 1185 1115 1265 Suet).
1133 1219 1173 1231 -
1191 1189 1304 1249 libellus
1324 1185 1429 1265 (Billet)
1456 1205 1481 1259 2,
1505 1203 1550 1264 57,
1573 1203 1586 1245 2

335 1287 424 1366 (cic).
449 1321 488 1334 -
515 1289 646 1350 mamilla
667 1305 692 1360 2,
715 1305 762 1366 70,
785 1303 802 1366 5
827 1287 874 1368 (cs.
901 1309 930 1368 p.
955 1288 1005 1367 19).
1033 1321 1073 1334 -
1100 1291 1233 1351 navicula
1259 1308 1284 1358 2,
1309 1306 1370 1367 107,
1393 1307 1408 1350 2
1431 1287 1525 1368 (Cic).
1549 1321 1587 1334 -

335 1391 524 1469 particular,
549 1391 590 1462 16,
622 1389 746 1470 1(Cic.).

421 1495 469 1555 De
490 1496 554 1573 ipsa
577 1495 833 1565 ,substantivorum
847 1495 1058 1556 ,collocatione‘
1080 1513 1188 1555 moneo
1210 1494 1289 1571 apud
1308 1492 1453 1573 Vellejum
1475 1509 1588 1569 cogno·

339 1613 408 1656 men
427 1605 496 1657 ante
514 1613 622 1656 nomen
640 1596 811 1673 saepissime
828 1597 907 1674 poni,
930 1596 1009 1655 velut
1027 1595 1149 1655 Rufinus
1167 1595 1320 1667 Cornelius
1338 1610 1364 1665 2,
1384 1610 1425 1668 14,
1446 1591 1478 1663 6:
1502 1593 1588 1654 Man·

271 1688 273 1698 ’
336 1700 419 1759 cinus
445 1696 588 1757 Hostilius
612 1714 637 1768 2,
663 1715 685 1768 1,
704 1714 736 1772 43
759 1697 898 1758 Acidinus
922 1695 1050 1756 Manlius
1069 1713 1093 1769 2,
1112 1696 1138 1768 8,
1157 1711 1186 1768 2;
1210 1696 1246 1756 cs.
1264 1713 1338 1774 quos
1360 1695 1442 1756 locos
1460 1695 1586 1756 Kritzius

337 1799 375 1859 ad
398 1799 472 1859 Vell.
492 1816 515 1870 2,
535 1798 581 1876 26,
599 1815 614 1858 2
632 1799 853 1876 diligentissime
870 1799 1000 1860 contulit.
1035 1798 1102 1858 Non
1121 1816 1282 1876 numquam
1300 1796 1379 1874 apud
1401 1796 1585 1866 Ciceronem,
1633 1799 1635 1850 l

337 1900 483 1960 rarissime
506 1901 585 1980 apud
607 1900 764 1963 Caesarem
786 1909 816 1962 et
833 1901 1000 1962 Sallustium
1022 1919 1113 1979 quum
1136 1901 1209 1961 haec
1226 1900 1409 1976 cognominis
1431 1900 1587 1960 collocatio
1635 1896 1636 1976 l

336 2003 510 2074 inveniatur,
531 2005 592 2081 jam
614 2003 682 2064 inde
704 2023 722 2065 a
744 2005 858 2083 Vellejo
880 2006 908 2064 in
934 2015 989 2064 usu
1010 2020 1074 2064 esse
1096 2005 1201 2080 coepit.
1244 2001 1290 2064 Cf.
1310 2003 1458 2078 Draeger,
1486 2001 1588 2062 Ueber
1636 1985 1637 2070 l

335 2102 387 2163 Stil
412 2122 440 2163 u.
461 2105 571 2188 Syntax
595 2106 646 2166 des
668 2105 789 2167 Tacitus
811 2126 840 2184 p.
863 2120 905 2183 75.
929 2103 948 2183 θ
970 2121 1027 2166 221.
1637 2075 1638 2148 l

883 2356 1033 2366 *ι-

739 2555 740 2562 ¹
792 2529 856 2602 De
891 2525 1124 2620 Adjectivis.

335 2725 337 2736 '
423 2715 582 2796 Adjectiva,
606 2735 683 2794 quae
706 2715 785 2794 apud
807 2716 952 2794 Vellejum
970 2716 1095 2793 primum
1119 2715 1251 2776 videntur
1269 2722 1393 2787 exstare,
1413 2725 1481 2776 sunt
1499 2718 1590 2778 haec:
1644 2791 1645 2802 7

425 2815 610 2877 Caeruleatus
636 2811 739 2895 (ἅπαξ
765 2811 946 2900 εἰρημένον)
972 2835 1025 2893 pro
1051 2835 1087 2877 eo
1113 2818 1242 2894 ponitur,
1275 2817 1354 2895 quod
1381 2825 1424 2878 est
1450 2819 1590 2880 caeruleo
1643 2819 1645 2902 l

337 2919 434 2978 colore
456 2918 599 2978 obductus
622 2934 651 2989 2,
674 2918 724 2994 83,
747 2935 776 2979 2:
803 2917 928 2978 Plancus
950 2937 1017 2978 curn
1043 2918 1228 2978 caeruleatus
1257 2929 1286 2978 et
1307 2918 1415 2988 nudus,
1438 2927 1589 2997 caputque
1644 2907 1645 2920 ¹

338 3019 489 3080 redimitus
512 3020 655 3080 arundine
673 3029 702 3080 et
723 3021 850 3082 caudam
872 3020 1003 3090 trahens,
1026 3021 1150 3095 genibus
1175 3021 1288 3080 innixus
1312 3019 1459 3080 Glaucum
1483 3022 1590 3082 saltas·

342 3122 437 3181 setin
459 3121 590 3182 convivio
611 3119 637 3198 (i.
656 3142 682 3182 e,
701 3123 798 3184 colore
820 3123 955 3184 caeruleo
977 3121 1127 3192 obductus,
1150 3120 1229 3200 quali
1251 3123 1430 3202 putabantur
1451 3141 1516 3184 esse
1539 3125 1590 3184 dei

339 3223 461 3300 marini).

424 3327 607 3386 Favorabilrl
629 3327 744 3402 passiva
766 3325 976 3401 significatione
999 3326 1102 3386 dicitur
1123 3343 1189 3403 pro:
1217 3329 1267 3385 cur'
1277 3327 1414 3405 favetur,
1434 3329 1589 3402 gratiosus

338 3444 363 3499 2,
384 3446 430 3506 54,
450 3445 479 3488 2:
502 3427 616 3487 Luculli
634 3436 663 3486 et
679 3425 791 3486 Metelli
812 3427 989 3506 triumphum
1012 3427 1118 3488 invidia
1135 3427 1266 3505 Pompeji
1289 3426 1357 3487 lecit
1379 3427 1587 3496 favorabilem:

337 3547 362 3599 2,
387 3545 437 3605 40,
461 3546 490 3589 2:
516 3531 596 3608 cujus
618 3525 769 3609 (Pompeji)
792 3529 917 3590 reditum
938 3529 1128 3589 favorabilem
1150 3528 1248 3608 opinio
1266 3529 1375 3589 fecerat
1396 3525 1473 3606 (Val.
1491 3529 1586 3600 Max,

340 3631 407 3692 Sen.
430 3632 512 3710 phil,
536 3631 649 3705 Quint,
673 3631 760 3701 Tac,
783 3631 855 3691 Plin.
879 3651 940 3709 ep.,
963 3631 1056 3701 Suet,
1079 3629 1174 3707 Flos).

423 3734 553 3809 Fulgens
580 3731 877 3810 Part-Adiectivum,
906 3732 987 3809 cujus
1014 3730 1181 3816 superlativi
1207 3732 1302 3792 forma
1329 3740 1445 3793 tantum
1471 3731 1585 3793 videtur

337 3843 460 3906 exstare,
484 3833 562 3912 apud
577 3832 722 3911 Vellejum
744 3835 887 3892 invenitur
909 3844 941 3905 2,
954 3849 1001 3911 39,
1022 3851 1048 3893 1:
1071 3833 1314 3910 fulgentissimum
1336 3832 1472 3894 Caesaris
1494 3852 1585 3913 opus:

336 3954 366 4010 2,
391 3935 443 4013 64,
466 3953 497 4014 3:
521 3935 733 4013 fulgentissimo
754 3944 784 3996 et
806 3935 924 3996 caelesti
946 3951 1009 4006 ore;
1032 3951 1062 4008 2,
1085 3950 1130 4011 71,
1155 3951 1182 3994 r:
1203 3934 1333 3996 Messala
1355 3935 1586 4012 fulgentissimus

336 4039 448 4116 juvenis
478 4036 553 4114 (Val.
580 4037 661 4098 Max.
691 4055 717 4108 1,
742 4053 768 4108 t,
798 4053 846 4098 to:
877 4037 1038 4114 plaustrum
1070 4036 1140 4096 illud
1171 4036 1375 4113 fulgentissimi
1400 4038 1586 4116 triumphalis

286 4181 290 4192 .
338 4157 439 4200 currus
462 4139 586 4216 gloriam
609 4140 758 4217 aequavit;
783 4155 810 4216 5,
831 4153 859 4215 5,
880 4155 905 4200 1:
929 4137 988 4198 duo
1009 4138 1223 4216 fulgentissima
1244 4139 1424 4216 cognomina
1446 4141 1537 4215 patris
1554 4147 1587 4198 et

336 4241 449 4318 patrui).
1467 4251 1470 4256 ’

420 4341 606 4401 Im'rnitabilis
629 4360 694 4419 pro:
717 4362 795 4420 quem
818 4344 932 4402 rmrlars'
950 4361 1005 4401 non
1023 4351 1176 4419 possumus
1197 4359 1222 4414 2,
1245 4355 1292 4418 07,
1315 4357 1346 4418 3:
1368 4323 1484 4400 morum
1503 4349 1585 4402 certe

338 4443 462 4504 dulcedo
484 4461 521 4504 ac
543 4439 670 4505 suavitas
693 4454 722 4506 et
745 4445 882 4506 adversus
905 4446 1016 4506 amicos
1038 4463 1137 4523 aequa
1157 4461 1193 4504 ac
1214 4461 1268 4520 par
1290 4444 1334 4503 sui
1351 4442 1516 4504 aestimatio
1539 4445 1586 4503 in·
1636 4429 1639 4437 ¹

339 4545 486 4606 imitabilis
505 4546 592 4606 fuisse
610 4547 714 4607 dicitur
731 4545 853 4625 (Quint;
871 4547 972 4606 Ambr.
990 4546 1027 4605 de
1045 4546 1137 4607 viduis
1154 4545 1181 4617 8,
1196 4562 1245 4623 45.
1268 4544 1353 4606 Adde
1365 4545 1447 4605 lexic.
1463 4541 1582 4622 Latin).
