3346 5454
853 359 1061 459 ss48..

328 589 352 643 2,
373 589 410 643 11,
430 589 460 631 2;
483 574 510 632 ei
532 589 698 648 cognomen
720 571 865 631 Numidici
887 569 1010 631 inditum
1031 567 1183 646 (genitivus
1205 572 1332 631 nominis
1353 574 1446 636 rarius
1465 573 1529 651 est);
1549 595 1570 650 2,

330 691 373 745 10,
396 691 427 734 2:
450 674 543 733 Fabio
565 691 731 748 cognomen
754 672 943 748 Allobrogico
966 672 1102 740 inditum;
1129 689 1160 744 2,
1188 688 1232 748 91,
1257 689 1283 731 1:
1310 675 1387 750 quod
1410 685 1570 752 cognomen

328 777 368 836 illi
390 777 450 834 viro
468 789 627 837 consensus
649 782 770 834 senatus
791 775 950 851 populique
972 774 1100 832 Romani
1122 774 1225 832 indidit
1251 773 1370 851 (Plaut,
1391 776 1476 848 sall„
1498 779 1570 856 Lim).

413 878 552 954 Inercarel
573 895 626 953 per
653 876 876 934 translationem
902 875 1006 934 dicitur
1032 893 1085 952 pro
1110 878 1237 945 allicere,
1265 878 1388 951 decipere
1416 894 1444 950 2,
1471 897 1510 956 13,
1539 898 1566 940 2:

326 960 503 1039 inescandae
525 979 747 1056 illiciendaeque
768 977 960 1038 multitudinis
982 995 1072 1036 causa
1094 976 1180 1050 (Ter,
1203 978 1274 1049 Liu,
1298 963 1364 1055 alii).

411 1080 561 1160 Insertare
583 1099 636 1156 pro
659 1083 728 1156 alqd
749 1082 887 1158 r'resertum
910 1081 1035 1146 reddere,
1059 1079 1162 1137 habere
1185 1095 1212 1150 2,
1236 1092 1279 1155 73,
1303 1097 1334 1155 3;
1353 1061 1511 1142 latrociniis
1531 1085 1569 1144 in·

326 1181 433 1242 testato
455 1183 530 1240 mari
547 1178 642 1256 (Auct.
661 1182 689 1239 b.
708 1181 791 1240 Alex.
810 1198 837 1256 3,
858 1197 890 1251 2;
912 1181 974 1239 Liv.
994 1198 1040 1256 ep.
1064 1194 1092 1255 7;
1116 1179 1201 1252 Cels,
1220 1180 1345 1252 Colum,
1363 1183 1468 1260 Pomp.
1481 1183 1570 1262 Melal,

410 1283 536 1362 Injicere
558 1285 660 1354 rixam,
683 1283 702 1342 i.
729 1301 755 1342 e.
778 1285 859 1342 rixae
881 1282 1068 1341 occasionem
1090 1282 1161 1340 dare
1187 1299 1211 1352 1,
1239 1299 1264 1352 2,
1289 1299 1315 1341 1:
1346 1282 1463 1344 Codrus
1484 1287 1567 1344 rixam

324 1385 455 1464 injiciens
469 1385 637 1445 interfectus
656 1396 700 1447 est
718 1383 787 1461 (Cic.
807 1385 873 1444 Cat.
892 1400 918 1460 3,
938 1401 964 1459 3,
983 1397 1012 1460 7:
1031 1383 1146 1460 injicere
1164 1385 1334 1454 tumultum3
1353 1384 1414 1444 Liv.
1433 1403 1461 1460 3,
1477 1385 1523 1460 64,
1541 1386 1568 1446 6:

324 1489 442 1565 injicere
463 1488 697 1558 contentionem
720 1503 767 1561 34,
790 1503 819 1560 4,
843 1501 887 1562 15:
910 1487 1026 1563 injicere
1044 1487 1210 1561 certamen).
1284 1537 1290 1548 .

408 1589 540 1663 Inserere
569 1589 712 1648 translate
739 1588 842 1646 dicitur
867 1604 933 1664 pro:
965 1588 1131 1656 admiscere,
1164 1589 1307 1646 adnectere
1333 1606 1362 1660 2,
1395 1590 1451 1660 6ο,
1475 1607 1506 1664 4:
1531 1592 1567 1649 in·

324 1691 410 1750 sertis
433 1691 533 1762 falsie·
554 1690 659 1749 deinde
681 1705 777 1766 quum
799 1689 959 1749 narrationi
987 1689 1086 1765 aliqua
1112 1683 1327 1764 adjunguntur,
1354 1699 1387 1750 ut
1417 1710 1444 1762 1,
1474 1710 1517 1765 14,
1544 1709 1565 1749 1:

326 1793 393 1852 huic
415 1794 482 1853 loco
503 1794 643 1864 inserere;
667 1808 692 1863 2,
714 1806 774 1867 107,
796 1808 825 1862 1;
847 1793 905 1851 hoc
925 1793 1052 1850 inseram
1073 1789 1152 1867 (Liv,
1171 1790 1254 1861 Tac,
1272 1792 1309 1851 cf.
1326 1793 1471 1852 Boettich.
1493 1794 1565 1852 lexic.

327 1893 401 1954 Tac.
424 1914 453 1971 p.
476 1892 546 1971 278).

409 1996 546 2064 Inristere
563 2009 729 2074 temporum
748 1997 832 2067 notis,
851 2014 950 2056 rarum
969 1993 1084 2054 dicendi
1101 2013 1195 2070 genus
1212 2013 1281 2072 pro:
1300 1997 1437 2073 persequi
1455 1997 1568 2071 vestigia

323 2106 502 2176 temporum,
526 2101 544 2157 i.
567 2119 595 2160 e.
618 2101 769 2158 historiam
791 2115 960 2175 percurrere
985 2115 1010 2168 1,
1035 2111 1078 2172 17,
1102 2113 1134 2170 4:
1157 2096 1286 2174 quisquis
1308 2107 1475 2174 temporum
1496 2099 1566 2156 insti·

323 2203 390 2260 terit
412 2203 498 2260 notis.

410 2304 600 2379 Interrogare
622 2281 844 2370 sententiam'z,
867 2317 911 2376 35,
930 2318 961 2376 3:
985 2302 1060 2360 inter
1082 2301 1200 2361 ultimos
1222 2301 1419 2382 interrogatus
1443 2312 1489 2363 est
1509 2321 1565 2360 sen·

326 2406 461 2476 tentiam,
484 2423 574 2481 quam
596 2405 774 2464 locutionem
795 2423 814 2462 a
835 2403 917 2461 Livio
944 2403 1038 2479 primo
1064 2411 1237 2478 usurpatam
1259 2401 1400 2491 (Liv336,
1425 2417 1451 2480 7,
1476 2422 1501 2473 1;
1523 2401 1566 2461 sed

325 2522 370 2582 29,
392 2522 433 2582 19,
454 2522 489 2564 10
506 2507 612 2582 legitur
630 2507 765 2564 verbum:
787 2503 947 2582 perrogari)
970 2505 1036 2562 Val.
1055 2503 1210 2572 Maximus,
1235 2503 1347 2562 Seneca
1364 2505 1444 2580 phil,
1467 2505 1565 2564 Plinius

325 2608 421 2666 minor
442 2616 472 2668 et
489 2608 643 2668 Suetonius
665 2607 793 2683 amplexi
815 2615 891 2666 sunt.
927 2605 1038 2675 Cicero,
1061 2605 1192 2674 Tacitus,
1216 2603 1423 2677 Quintilianus,
1450 2607 1564 2667 Gellius:

325 2728 432 2786 rogare
459 2711 642 2770 sententiam.
686 2708 732 2769 cf.
758 2708 1026 2785 Krebs·Allgayer,
1053 2709 1207 2768 Antibarb.
1235 2708 1280 2766 ed.
1309 2709 1345 2766 V.
1373 2728 1402 2784 p.
1428 2706 1499 2777 616,
1524 2705 1564 2764 ubi

326 2812 455 2890 Vellejus
482 2813 630 2872 omittitur.
1026 2799 1029 2806 ⁴
1080 2834 1083 2847 ·

414 2914 540 2972 Laetori
554 2933 606 2990 per
624 2912 845 2992 translationem
864 2913 1007 2988 significat
1025 2921 1128 2972 contra
1146 2930 1190 2981 ea,
1213 2929 1290 2988 quae
1309 2911 1435 2982 obstant,
1459 2910 1566 2970 intentis

255 3037 257 3042 ⁴
324 3015 431 3074 viribus
453 3014 589 3076 laborare
610 3031 639 3084 2,
665 3031 723 3092 1¹15,
746 3031 775 3073 2:
804 3033 871 3074 cum
895 3015 1065 3074 difficultate
1092 3014 1225 3074 locorum
1247 3021 1277 3073 et
1303 3015 1370 3071 cu'm
1392 3014 1419 3070 vi
1447 3013 1564 3072 hostium

285 3157 287 3162 .
325 3117 459 3176 luctatus.
504 3116 549 3176 Cf.
572 3134 597 3189 2,
621 3117 667 3188 86,
690 3133 721 3187 2;
743 3133 767 3186 2,
791 3115 837 3191 63,
861 3133 877 3192 3
900 3115 993 3192 (Hon,
1015 3117 1085 3186 Liv,
1109 3115 1173 3193 alii).
1212 3145 1214 3148 ·

410 3219 563 3278 Macerare
585 3203 726 3279 translate
748 3220 865 3295 ponitur
887 3235 940 3294 pro
962 3221 1038 3277 vr'res
1060 3220 1191 3288 ademere,
1214 3206 1359 3287 enervare,
1378 3217 1528 3292 infirmare
1543 3227 1563 3278 2,

326 3338 381 3393 112,
396 3339 426 3397 3:
445 3340 513 3398 pars
531 3322 673 3382 exercitus
687 3320 726 3380 ad
744 3309 895 3379 arbitriun'r
912 3320 1126 3396 utilitatemque
1145 3328 1275 3379 nostram
1293 3327 1444 3405 macerata
1461 3316 1563 3394 (Plaut,

264 3479 268 3490 ,
323 3422 395 3494 Liv,
418 3424 484 3497 alii).

409 3523 553 3595 Manere,
576 3541 633 3584 vox
655 3526 778 3601 poetica,
797 3528 836 3585 ab
855 3534 1015 3601 argenteae
1032 3527 1136 3584 aetatis
1155 3525 1343 3600 scriptoribus
1362 3523 1563 3601 frequentatur.

325 3626 400 3685 Vell.
424 3643 452 3695 2,
476 3626 527 3700 84,
551 3643 581 3685 2:
604 3629 724 3703 vigebat
744 3630 774 3688 in
796 3627 854 3686 hac
875 3637 959 3703 parte
980 3627 1064 3686 miles
1086 3637 1175 3703 atque
1196 3627 1367 3703 imperator,
1390 3625 1440 3684 illa
1463 3638 1566 3684 marce·

324 3728 396 3786 bant
418 3729 519 3786 omnia
539 3726 644 3800 (Lucu,
668 3727 732 3798 Ov.,
756 3730 827 3798 Liv.,
850 3727 941 3806 Tac).

407 3828 533 3888 Mentim
560 3840 716 3906 poetarum
743 3849 825 3890 more
857 3849 924 3888 curn
956 3831 1122 3890 accusativo
1151 3831 1285 3908 junctum
1312 3847 1366 3906 pro
1397 3846 1433 3888 eo
1462 3827 1566 3888 dicitur,

323 3931 404 4009 quod
426 3941 470 3991 est
483 3935 571 4011 salso
594 3935 626 3992 de
648 3954 676 3993 se
691 3935 864 4009 praedicare
882 3948 906 4002 2,
926 3948 953 4005 4,
975 3948 1001 3990 1:
1024 3923 1163 3991 mentitus
1185 3932 1286 4006 regiae
1305 3931 1400 4007 stirpis
1423 3930 1567 4007 originem.

323 4033 369 4094 Cf.
391 4034 460 4094 Sall.
483 4034 548 4094 Cat.
570 4035 618 4110 48,
642 4033 674 4106 6;
696 4035 757 4093 Liv.
782 4051 823 4104 1o,
847 4050 897 4108 40,
920 4050 951 4107 43
975 4033 1047 4111 Just.
1072 4051 1093 4105 1,
1117 4050 1142 4104 2,
1165 4050 1194 4108 4.

238 4123 242 4132 ’
358 4140 360 4144 ’
408 4135 545 4213 Mergere
565 4155 656 4196 naves
674 4155 727 4213 pro
745 4139 852 4196 usitata
870 4135 1028 4194 locutione:
1047 4137 1208 4211 demergere
1226 4152 1315 4193 naves
1333 4131 1427 4210 (Auct.
1444 4134 1473 4192 b.
1492 4129 1566 4189 Alex.

324 4253 371 4314 25,
394 4254 425 4314 5;
454 4237 507 4312 64,
530 4254 560 4314 5;
588 4239 649 4297 Liv.
673 4237 726 4315 36,
750 4253 799 4314 45,
822 4233 850 4315 3)
871 4253 901 4307 2,
924 4252 973 4310 42,
998 4253 1028 4296 21
1052 4246 1166 4314 partem
1188 4236 1288 4297 classis
1311 4235 1436 4311 fugavit,
1459 4239 1566 4310 partem

324 4342 431 4400 mersit.
476 4340 522 4401 Cf.
545 4340 606 4399 Liv.
629 4357 676 4417 25,
700 4358 732 4417 3,
757 4358 799 4411 11;
822 4321 896 4400 Plin.
918 4339 947 4400 h.
965 4359 1003 4398 n.
1025 4357 1073 4416 32,
1095 4356 1111 4398 2
1133 4336 1179 4416 (6),
1204 4355 1246 4414 15;
1270 4339 1350 4398 Eutr.
1372 4355 1398 4409 2,
1420 4353 1458 4396 20
1480 4330 1567 4413 (Adde

324 4443 407 4501 lexic.
430 4438 548 4520 Latin).

350 4621 351 4624 Ἴ
411 4545 558 4611 Milescere
591 4565 642 4621 per
675 4546 894 4605 translationem
925 4552 1083 4620 usurpatur
1109 4559 1163 4619 pro
1189 4561 1381 4601 mansuescere
1408 4558 1436 4613 2,
1462 4537 1519 4606 118,
1543 4546 1566 4588 1:
