3346 5454
609 453 810 514 ..55-

101 645 183 685 unam
205 626 364 686 alteramve
387 641 474 699 supra
496 625 800 700 commemoravimus,
821 642 858 684 ea
875 632 991 683 tantum
1009 624 1173 695 afferemus,
1197 643 1272 702 quae
1294 627 1333 684 ab

103 731 201 788 usitata
218 727 333 786 dicendi
351 727 562 786 consuetudine
579 727 707 786 maxime
720 726 871 786 videantur
888 724 1025 784 recedere
1042 734 1094 785 aut
1111 726 1190 802 apud
1207 727 1333 802 optimos

102 831 243 907 scriptores
261 829 356 886 minus
374 828 432 886 sint
449 828 620 904 frequentia.
643 829 679 887 In
696 845 756 886 999
770 829 855 887 nullis
868 845 936 887 vero
953 828 1039 886 rebus
1057 827 1081 886 si
1096 826 1204 886 multus
1222 826 1333 898 fuerim,

103 932 208 991 veniam
229 937 309 1007 peto.
1094 1003 1097 1010 Δ

177 1031 349 1108 Singularis
370 1049 507 1089 numerus
528 1030 607 1090 verbi
629 1032 757 1106 ponitur,
787 1031 837 1089 ubi
858 1031 1021 1109 subjectum
1042 1030 1082 1090 ad
1103 1031 1175 1088 duas
1196 1031 1241 1088 vel
1263 1051 1335 1088 com·

99 1139 188 1212 plures
208 1151 350 1210 personas
372 1134 497 1209 pertinet
518 1148 543 1204 2,
566 1149 594 1207 9,
618 1149 645 1190 1:
668 1150 723 1192 nec
745 1132 974 1209 praetereundus
992 1131 1128 1191 Metellus
1150 1125 1180 1190 et
1196 1133 1334 1198 Scaurus:

103 1253 124 1306 2,
140 1253 165 1313 9,
183 1235 214 1294 6;
242 1235 391 1294 Vetustior
412 1234 537 1294 Sisenna
559 1233 611 1293 suit
633 1233 750 1293 Caelius
773 1233 972 1310 Claudiusque
993 1232 1206 1307 Quadrigarius
1228 1241 1258 1292 et
1274 1232 1335 1291 Va·

104 1339 178 1397 19999
203 1337 322 1404 Antias3
349 1351 378 1407 2,
401 1351 451 1412 54,
474 1351 503 1394 2:
535 1335 658 1405 bellum,
685 1335 765 1412 quod
791 1336 889 1395 ciebat
915 1354 965 1394 rex
987 1336 1064 1413 Juba
1091 1345 1120 1393 et
1141 1334 1246 1412 Scipio.
1290 1333 1334 1394 cf.

104 1440 215 1517 Zumptii
237 1437 372 1498 Gramm.
394 1436 460 1496 Lat.
483 1434 502 1513 §
520 1450 582 1514 373.

182 1537 359 1600 Constructio
381 1539 431 1599 illa
453 1530 537 1600 κατὰ
559 1531 697 1610 σύνεσιν,
720 1558 779 1616 qua
796 1540 836 1609 fit,
861 1549 892 1598 ut
914 1539 1025 1598 nomini
1045 1539 1196 1599 collectivo
1218 1539 1336 1616 pluralis

106 1645 174 1701 verbi
190 1659 329 1701 numerus
347 1640 531 1719 adiungatur,
551 1643 693 1700 invenitur
713 1657 735 1712 1,
755 1640 797 1710 16,
816 1656 846 1716 5:
865 1641 942 1700 adeo
959 1648 1086 1700 artatum
1104 1642 1245 1717 angustiis
1262 1649 1336 1699 tem·

107 1763 208 1820 porum,
236 1752 270 1802 ut
292 1761 381 1802 nemo
402 1742 545 1801 memoria
567 1741 672 1817 dignus
698 1742 772 1801 alter
797 1742 835 1799 ab
861 1741 955 1801 altero
978 1742 1068 1801 videri
1092 1743 1285 1820 nequiverint;
1312 1759 1337 1820 2,

108 1861 143 1921 35,
158 1861 188 1919 4:
210 1854 242 1904 ut
260 1845 355 1922 major
376 1861 443 1921 pars
465 1842 573 1903 ordinis
591 1845 732 1919 equestris
750 1841 923 1902 Ciceronem
942 1853 1185 1920 prosequerentur
1203 1842 1337 1914 domum;

109 1964 132 2016 2,
154 1962 195 2022 19,
217 1961 250 2020 4:
274 1964 343 2005 cum
365 1945 439 2004 alter
461 1945 684 2021 alteripossent
705 1961 769 2004 esse
791 1943 905 2003 solatio.

178 2049 331 2125 Appositio,
354 2064 432 2123 quae
453 2046 556 2104 dicitur
575 2048 715 2121 parnizba
737 2045 782 2104 vel
804 2045 996 2116 dritrr'butivu,
1024 2046 1164 2122 reperitur
1186 2061 1214 2116 2,
1239 2059 1283 2120 71,
1306 2062 1336 2121 3:

108 2151 207 2210 Drusus
228 2149 328 2208 Livius
350 2156 379 2207 et
400 2149 497 2207 Varus
520 2146 677 2220 Quintilius
695 2147 768 2206 alter
790 2165 822 2206 se
843 2147 905 2224 ipse
927 2147 1086 2217 interemit,
1114 2148 1211 2206 Varus
1238 2156 1338 2206 autern

48 2265 49 2274 ¹
106 2253 240 2330 jugulatus
263 2258 316 2310 est.
361 2248 405 2308 cf.
428 2250 538 2325 Draeg.
560 2250 625 2308 hist.
647 2250 727 2326 Syut.
749 2249 772 2307 1.
794 2268 824 2326 p.
847 2266 874 2324 3.

181 2351 310 2412 Genr'tiai
329 2352 458 2429 objectiur'
476 2351 572 2410 minus
594 2351 702 2410 usitata
723 2352 859 2427 exempla
877 2350 1036 2410 afferantur
1053 2350 1139 2410 haec:
1163 2352 1338 2430 adjutorium

107 2455 164 2513 belli
179 2472 203 2525 2,
222 2471 278 2526 112,
297 2468 330 2530 43
351 2471 434 2512 amor
451 2453 578 2528 partium
594 2450 841 2529 Pompeianarum
858 2466 883 2522 2,
902 2451 947 2522 62,
963 2452 995 2521 6ς
1017 2470 1088 2511 cura
1109 2453 1177 2512 belli
1199 2469 1224 2523 2,
1243 2466 1287 2528 97,
1307 2468 1337 2523 23

48 2625 49 2628 7
109 2575 166 2615 cura
186 2557 304 2633 frugum
326 2571 355 2625 2,
378 2568 428 2630 25,
453 2571 478 2625 1;
501 2554 623 2614 infamia
644 2555 787 2630 pecuniae
810 2569 838 2624 2,
862 2568 910 2627 32,
933 2569 949 2610 2
970 2550 1064 2626 (Caes.
1086 2554 1115 2612 b.
1138 2572 1163 2611 c.
1192 2571 1219 2625 1,
1242 2570 1274 2628 4,
1299 2557 1337 2630 5);

108 2659 217 2732 segnitia
237 2675 300 2716 non
322 2656 468 2716 vindictae
485 2658 608 2736 injuriae
632 2673 658 2728 1,
683 2673 708 2727 1,
733 2671 758 2726 1;
781 2656 902 2734 injuriae
924 2654 969 2714 avi
990 2672 1019 2725 1,
1042 2653 1074 2725 8,
1097 2671 1117 2728 4
1138 2652 1269 2733 (injuriae
1291 2674 1339 2715 so·

109 2759 204 2817 ciomm
224 2759 295 2819 Sall.
318 2757 385 2836 Jug.
410 2773 451 2830 14,
476 2754 531 2834 19);
553 2757 626 2816 ultio
647 2757 862 2816 inimicitiarum
884 2771 914 2827 2,
938 2770 962 2831 7,
986 2756 1019 2826 6;
1040 2757 1113 2815 ultio
1135 2759 1289 2817 noxiorum
1312 2773 1337 2828 2,

111 2874 148 2934 125
180 2876 205 2934 3.

183 2960 332 3020 Genziiuus
349 2961 405 3032 ille,
426 2978 514 3040 quem
524 2963 713 3036 proprietatis
730 2977 798 3019 vere
812 2960 925 3031 dixeris,
943 2959 1083 3036 reperitur
1097 2977 1122 3032 2,
1132 2959 1179 3038 69,
1190 2976 1219 3019 2:
1238 2960 1339 3020 decem

109 3062 224 3138 legiones
251 3065 282 3124 in
309 3081 346 3122 99
372 3071 467 3122 tractu
493 3063 537 3120 sui
561 3063 632 3140 juris
659 3063 779 3131 lecerat;
808 3079 837 3132 2,
862 3061 927 3133 108,
950 3079 980 3120 2:
1012 3063 1148 3122 finitimos
1170 3065 1264 3122 omnis
1287 3071 1338 3123 aut

110 3163 175 3223 bello
195 3165 310 3224 domuit
331 3172 382 3223 aut
403 3163 623 3223 condicionibus
645 3164 688 3222 sui
708 3164 779 3241 juris
801 3163 877 3222 lecit.

182 3264 331 3326 Genr‘trims
353 3282 412 3324 uon
430 3265 515 3324 nullis
533 3264 689 3343 adJectivis,
711 3283 789 3342 quae
805 3273 955 3336 vocantur,
973 3265 1098 3325 relativis
1115 3265 1296 3343 adjungitur:

179 3371 255 3429 Acer
277 3367 347 3427 belli
370 3385 396 3438 1,
419 3383 449 3443 3,
474 3385 486 3425 1
512 3363 590 3442 (acer
610 3366 731 3426 militiae
752 3365 825 3425 Tac.
847 3368 913 3427 hist.
935 3383 964 3439 2,
988 3363 1030 3444 3);
1057 3376 1158 3427 tamen
1180 3369 1339 3428 acerrimus

110 3468 223 3542 991192,
249 3471 298 3541 18,
323 3487 334 3528 1
357 3467 457 3544 (Verg.
480 3470 555 3528 Aen.
580 3484 627 3539 10,
650 3464 720 3544 411).
764 3466 868 3527 Cicero
890 3468 947 3528 hoc
968 3469 1141 3548 adjectivum
1164 3488 1232 3530 cum
1254 3488 1340 3547 prae·

110 3574 293 3644 positionibus,
317 3590 393 3650 quae
415 3580 483 3631 sunt
503 3573 531 3630 in
555 3579 584 3630 et
606 3572 652 3642 ad,
676 3572 835 3663 conjungit.
859 3600 899 3613 -
921 3589 1016 3647 capax
1038 3572 1173 3631 fortunae
1196 3588 1224 3642 2,
1249 3589 1300 3648 93,
1324 3588 1340 3630 2

110 3671 171 3746 (On,
191 3675 257 3735 Sen.
276 3683 363 3750 trag,
385 3674 469 3743 Tac,
491 3673 564 3733 Plin.
582 3690 637 3750 ep,
660 3671 759 3751 Cum).
794 3673 916 3750 Propria
933 3675 1143 3750 significatione
1162 3675 1224 3754 jam
1243 3674 1341 3736 Livius

111 3774 181 3834 dixit:
203 3779 259 3838 cibi
281 3778 399 3854 vinique
420 3776 627 3853 capacissimus
651 3791 678 3851 9,
702 3772 744 3846 16,
769 3792 810 3852 13.
832 3806 873 3818 -
896 3777 1028 3836 eminens
1050 3795 1075 3835 c.
1092 3761 1188 3852 penit.
1211 3794 1340 3848 1,12,2:

112 3875 193 3954 Scipio
214 3879 397 3939 Aemilianus
419 3879 518 3954 ingeni
540 3896 576 3937 ac
597 3877 759 3937 studiorum
781 3878 1026 3938 eminentissimus
1048 3879 1138 3938 seculi
1158 3880 1211 3938 sui.
1254 3879 1341 3940 Haec

111 3985 241 4040 structura
263 3981 343 4057 apud
365 3981 460 4039 solum
474 3978 618 4057 Vellejum
640 3979 752 4040 videtur
774 3987 896 4039 exstare.
915 4009 955 4023 -
974 3980 1145 4040 fortissimus
1167 3982 1258 4041 animi
1279 3981 1342 4040 bel·

111 4078 176 4156 lique
196 4098 225 4154 2,
248 4096 295 4160 27,
329 4100 340 4140 1
363 4082 451 4159 (Nep.
477 4081 563 4141 Paus.
588 4097 614 4150 1,
637 4096 653 4140 2
675 4080 869 4140 manufortis
891 4079 975 4151 dixit3
998 4080 1078 4159 apud
1100 4079 1273 4141 Ciceronem
1295 4101 1340 4142 se·

111 4193 223 4255 quuntur
244 4183 474 4261 praepositiones
491 4183 521 4241 in
538 4189 567 4241 et
585 4176 644 4259 ad).
662 4213 702 4224 -
720 4181 893 4242 immodicus
911 4183 1064 4258 gloriaea,
1084 4199 1121 4249 11,
1142 4200 1152 4241 1
1177 4180 1256 4260 (sall.
1276 4184 1340 4245 hist.

113 4297 130 4349 1,
152 4300 196 4358 114
217 4284 270 4343 D.:
290 4285 466 4344 immodicus
488 4285 590 4355 animi;
613 4283 686 4355 Col,
704 4284 787 4355 Tac,
810 4284 868 4355 Sit,
891 4280 983 4360 Stat).
1027 4285 1145 4346 Tamen
1166 4287 1341 4348 immodicus

111 4384 136 4440 in
155 4387 322 4463 appetendis
344 4387 502 4446 honoribus
525 4402 550 4457 2,
573 4403 620 4464 33,
643 4403 670 4462 3.
688 4416 728 4428 -
750 4386 889 4446 immunis
912 4387 1082 4446 delictorum
1105 4397 1294 4464 paternorum
1315 4405 1340 4459 2,

111 4495 160 4555 7,2
180 4486 248 4560 (Liv.
270 4504 297 4565 7,
316 4503 340 4564 7,
359 4504 389 4563 5;
413 4486 468 4546 Ov.
491 4487 551 4547 her.
575 4506 617 4564 14,
642 4486 673 4558 8;
696 4487 770 4548 Tac.
793 4505 862 4547 ann.
887 4505 909 4558 1,
931 4485 987 4566 36).
1006 4519 1046 4530 -
1065 4487 1182 4548 Tamen
1204 4491 1341 4550 immunis

112 4601 131 4642 c.
149 4589 202 4648 abl.
225 4607 250 4661 2,
273 4605 316 4666 33,
340 4595 370 4660 2“;
393 4605 417 4661 2,
440 4589 488 4664 46,
511 4607 541 4660 2,;
565 4606 590 4662 2,
614 4606 669 4667 115,
692 4606 708 4648 2
730 4590 801 4664 (Liv.
826 4606 847 4662 1,
869 4606 916 4666 43,
939 4589 975 4666 8).
1001 4622 1042 4632 -
1073 4592 1210 4652 immunis
1233 4592 1271 4650 ab
1293 4611 1340 4650 ar·
