3346 5454
854 436 1055 494 ...23-

336 621 443 680 domus
469 619 565 697 (Hor.,
591 618 692 697 l’erg„
720 621 788 680 Sall.
817 621 881 682 bist.
903 638 934 697 3,
958 635 989 698 71
1013 623 1063 694 D„
1087 621 1181 698 post).
1225 621 1327 684 Cicero
1350 621 1406 681 hac
1427 639 1503 702 uoce
1525 640 1576 680 nou

338 724 437 794 utitur,
460 725 513 783 nisi
535 742 587 800 per
609 721 838 784 translationem.

423 823 579 884 Mediocris
601 806 703 886 dicitur
730 826 766 884 de
793 826 900 902 gradu,
929 795 987 903 quo
1014 826 1145 886 homines
1172 827 1246 884 inter
1273 843 1305 884 se
1327 824 1466 885 differunt
1489 832 1518 884 et
1538 834 1576 883 est
1628 803 1629 842 ³

334 941 390 1004 pro
412 929 542 1004 ignobili,
563 945 618 986 non
638 929 750 986 illustri
768 944 792 997 2,
815 945 857 999 22,
879 945 909 988 2;
931 947 1027 1006 neque
1049 929 1164 989 licentia
1186 926 1351 1002 gladiorum
1373 928 1403 986 in
1424 926 1575 986 mediocris

329 1025 454 1104 '(,Leute‘
469 1047 525 1088 von
553 1028 699 1088 niederem
722 1029 848 1104 Staude‘)
874 1032 1027 1099 saevitum,
1055 1031 1106 1090 sed
1133 1030 1320 1090 excelsissimi
1346 1047 1465 1107 quoque
1493 1038 1576 1106 atque

334 1131 557 1190 eminentissimi
579 1131 700 1190 civitatis
722 1133 772 1190 viri
795 1134 887 1200 variis¹
901 1133 1106 1211 suppliciorum
1129 1132 1285 1208 generibus
1303 1131 1409 1191 affecti.
1436 1130 1489 1190 Cf.
1509 1131 1575 1210 Just.
1627 1170 1628 1193 r

339 1248 364 1302 r,
383 1248 411 1305 4,
434 1250 466 1306 4:
490 1232 627 1310 Cambysi
649 1233 787 1293 mediocri
810 1237 870 1293 viro
892 1235 980 1294 filiam
1003 1236 1032 1294 in
1054 1234 1273 1294 matrimonium
1294 1232 1421 1292 tradidit.

422 1333 527 1394 Nouus
549 1336 666 1412 adiect,
693 1335 773 1412 quod
795 1354 814 1394 a
836 1335 976 1396 Cicerone
998 1354 1113 1412 semper
1135 1336 1172 1395 'de
1193 1336 1325 1411 personis
1351 1342 1522 1410 usurpatur,
1548 1342 1575 1390 ut

220 1513 223 1518 Ι
334 1436 417 1512 apud
431 1437 507 1496 Vell.
526 1454 554 1509 2,
575 1454 678 1514 105,-2,
698 1438 827 1514 Vellejus
849 1439 958 1514 primus
975 1439 1088 1498 videtur
1105 1439 1287 1498 transtulisse
1305 1438 1344 1496 ad
1361 1455 1407 1496 res
1425 1452 1450 1507 2,
1472 1451 1532 1504 120,
1552 1452 1573 1492 1:

336 1555 413 1596 nava
435 1540 563 1617 virilique
586 1557 676 1616 opera
697 1537 753 1614 (Sil.
771 1539 836 1598 Ital.
856 1557 878 1609 1,
896 1555 966 1616 549:
989 1541 1165 1608 rudimenta;
1190 1554 1217 1615 7,
1236 1554 1306 1614 350:
1329 1536 1431 1615 timor).
1463 1538 1573 1597 Lectio·

335 1658 406 1698 nem
429 1645 569 1715 ‚gnavus‘‚
592 1659 668 1717 quae
690 1641 792 1700 melior
814 1641 926 1700 videtur
947 1659 1023 1712 esse,
1046 1642 1155 1717 recepit
1177 1638 1322 1701 Halmius.

427 1742 537 1812 Tenea,
556 1761 614 1818 quo
633 1743 775 1802 vocabulo
794 1741 897 1802 Cicero
914 1761 966 1819 per
983 1743 1206 1802 translationem
1223 1744 1312 1802 utitur
1331 1742 1390 1801 fere
1408 1759 1462 1818 pro
1481 1757 1571 1818 parco,

298 1815 301 1820 Ι
333 1861 438 1912 avaro,
462 1863 480 1903 a
503 1844 616 1922 Velleio
637 1845 753 1921 ponitur
775 1845 890 1921 proprie
911 1842 949 1902 de
971 1861 1014 1914 eo,
1038 1842 1116 1920 quod
1139 1843 1221 1903 firme
1243 1851 1331 1912 tenet,
1354 1851 1476 1902 etcum
1499 1842 1572 1917 geni·
1627 1847 1629 1890 1

333 1944 393 2002 tivo
415 1945 600 2022 conjungitur
622 1963 650 2015 2,
673 1963 775 2032 2953:
798 1945 990 2004 amicitiarum
1012 1953 1114 2014 tenax;
1136 1961 1165 2014 2,
1189 1945 1238 2019 84,
1261 1962 1292 2020 3:
1314 1945 1426 2004 Dellius
1449 1942 1569 2018 exempli

331 2048 379 2105 sui
401 2056 491 2106 tenax
512 2048 611 2122 (Poet.‚
634 2049 704 2118 Liv.,
726 2049 852 2124 poster).
877 2079 915 2092 -
1471 2049 1473 2055 ’

420 2149 486 2227 Jam
509 2151 589 2226 apud
610 2151 771 2226 superiores
794 2151 947 2226 scriptores
965 2151 1067 2210 iisdem
1085 2147 1350 2225 significationibus,
1374 2149 1479 2225 quibus
1498 2145 1570 2224 apud

336 2250 489 2328 Vellejum‚
513 2251 565 2311 sed
587 2253 678 2311 rarius
700 2261 818 2342 exstant
838 2253 979 2330 adjectiva
1000 2253 1086 2311 haec:

420 2353 546 2433 Africus
567 2371 634 2430 pro:
656 2354 823 2432 Afrr'canus
845 2371 873 2424 2,
896 2353 946 2429 56,
969 2370 999 2412 2:
1021 2349 1178 2430 apparatus
1200 2352 1289 2414 Africi
1310 2350 1469 2430 (triumphi)
1491 2353 1572 2413 ebore

161 2445 164 2452 ⁴
263 2409 265 2414 Ι
332 2455 470 2512 constitit.
502 2454 546 2515 Cf.
565 2455 720 2531 ScipAlr.
738 2455 772 2514 fr.
792 2455 870 2531 apud
888 2454 1010 2529 Gella,
1031 2455 1071 2525 18,
1090 2472 1120 2531 3;
1140 2455 1225 2515 Caes.
1244 2457 1271 2514 b.
1290 2475 1315 2516 c.
1334 2472 1358 2524 2,
1378 2471 1421 2531 52,
1444 2472 1488 2531 133
1511 2453 1571 2514 Sall.

334 2556 402 2634 Jug.
427 2555 471 2628 18,
495 2574 526 2632 9;
549 2558 611 2616 Liv.
633 2575 677 2630 21,
703 2576 728 2628 1,
753 2575 781 2633 4.
825 2557 911 2617 Adde
932 2558 1048 2617 Kuehn.
1071 2578 1099 2634 p.
1121 2575 1190 2634 340.

419 2660 529 2736 Agiles,
561 2677 620 2736 quo
651 2660 794 2719 vocabulo
823 2660 946 2719 Sisenna
978 2668 1100 2738 excepto
1130 2661 1240 2736 primus
1270 2658 1382 2718 videtur
1412 2677 1482 2720 usus
1513 2674 1572 2718 esse

333 2760 432 2820 Livius
461 2758 523 2837 (5ο,
548 2777 596 2830 10,
620 2757 654 2837 3),
682 2761 769 2837 apud'
788 2770 889 2837 poetas
911 2739 1210 2837 Augusteae'aetatis
1237 2770 1266 2821 et
1292 2739 1467 2838 posteriores
1494 2760 1572 2821 solut.

331 2869 408 2922 orat.
430 2864 583 2939 scriptores
606 2864 722 2938 saepius
744 2863 885 2922 invenitur
910 2881 963 2939 pro
985 2866 1118 2939 impigro,
1142 2865 1223 2922 haud
1241 2865 1332 2938 segni.
1375 2864 1464 2940 Apud
1482 2861 1573 2920 Velle-

328 2965 394 3042 jum
416 2966 556 3024 translate
578 2973 673 3024 exstat
694 2981 724 3033 2,
749 2979 814 3040 105,
836 2981 866 3022 2:
893 2966 984 3024 virum
1007 2964 1196 3040 multiplicem
1218 2967 1248 3024 in
1270 2965 1432 3036 virtutibus,
1460 2981 1570 3028 navum,

331 3067 455 3142 agilem,
482 3066 635 3143 providum
655 3064 777 3143 (Sisenn.
805 3067 839 3125 fr.
866 3067 935 3136 280,
962 3083 979 3124 2
1010 3065 1055 3124 P.:
1087 3067 1194 3142 agilem
1217 3066 1391 3143 facilemque
1413 3066 1570 3131 victoriam

332 3166 421 3237 Hor„
441 3166 508 3238 On,
527 3167 603 3239 Col,
625 3169 691 3228 Seu.
710 3170 787 3246 phil..
809 3169 882 3227 Pliu.
904 3169 982 3238 mim,
1005 3155 1102 3245 Suet).

418 3273 509 3337 Amin
530 3288 558 3342 2,
582 3287 629 3348 55,
652 3288 684 3345 4:
706 3272 837 3329 inventus
860 3271 934 3328 inter
955 3269 1123 3334 solitudines
1147 3270 1235 3348 avias;
1262 3286 1290 3340 2,
1314 3284 1361 3346 75,
1385 3287 1415 3346 3:
1438 3289 1490 3347 per
1511 3269 1569 3330 avia

330 3372 469 3430 itinerum
492 3370 624 3450 (Poetae,
647 3370 714 3431 Sall.
739 3371 804 3449 Jug.
828 3387 876 3447 54,
900 3387 932 3446 9;
955 3371 1015 3430 Liv.
1037 3389 1068 3448 9,
1094 3388 1139 3448 19,
1164 3371 1210 3441 16;
1233 3386 1279 3447 25,
1303 3388 1350 3446 52,
1374 3370 1410 3448 ὁ).

419 3455 518 3534 Bonus
539 3475 608 3551 alqa
626 3493 657 3533 re
675 3491 740 3550 pro:
763 3476 896 3543 eximius,
914 3481 1068 3548 praestans
1090 3489 1115 3544 2,
1133 3472 1178 3544 88,
1199 3491 1225 3532 1:
1247 3474 1289 3532 M.
1308 3473 1444 3550 Lepidus,
1465 3471 1570 3553 juvenis

331 3575 429 3635 forma
450 3593 539 3653 quam
561 3587 660 3635 mente
682 3576 793 3635 melior.
837 3575 1062 3653 ctSa11.Jug.
1086 3590 1110 3651 7,
1134 3592 1162 3651 5;
1187 3592 1232 3650 13,
1257 3591 1283 3646 13
1306 3592 1357 3652 49,
1381 3592 1406 3633 2.

421 3676 565 3737 Classicus
587 3697 640 3754 pro
662 3696 698 3737 eo
720 3677 830 3748 dicitur,
854 3672 935 3754 quod
957 3677 1036 3752 apud
1054 3675 1226 3737 Ciceronem
1244 3685 1288 3736 est
1305 3681 1419 3736 novalis
1441 3694 1465 3747 2,
1485 3677 1567 3754 85,1:

331 3780 481 3855 Agrippae
498 3779 586 3838 omne
603 3779 717 3838 classici
735 3780 901 3838 certaminis
920 3779 1069 3836 arbitrium
1087 3779 1289 3849 commissum3
1306 3796 1331 3851 2,
1351 3779 1392 3850 81,
1412 3797 1442 3856 3:
1461 3781 1569 3854 insigne

328 3898 461 3940 coronae
487 3882 639 3950 classicam
671 3896 700 3950 2,
730 3897 788 3952 121,
820 3897 845 3938 1:
876 3880 1023 3940 concussis
1050 3881 1175 3940 hostium
1204 3882 1310 3943 viribus
1337 3883 1464 3942 classicis
1492 3879 1566 3960 (Lim

328 3981 421 4058 Tac).
845 4057 848 4065 Ι

419 4082 603 4160 Cognomr‘nz's
620 4085 730 4156 dicitur,
754 4087 804 4163 qui
827 4086 957 4162 ejusdem
975 4086 1099 4144 nominis
1112 4092 1161 4144 est
1179 4104 1246 4145 cum
1264 4086 1321 4145 alio
1339 4095 1454 4145 etcum
1477 4086 1568 4145 dativo

327 4186 513 4262 conjungitur
537 4203 562 4257 1,
588 4205 615 4258 1,
641 4204 666 4246 1:
699 4190 906 4263 cognominem
929 4188 1040 4263 patriae
1062 4205 1131 4248 suae
1154 4186 1304 4247 Salamina
1325 4189 1483 4248 constituit.
1527 4184 1566 4244 Cf.

328 4281 394 4346 Liv.
416 4301 445 4361 5,
469 4303 519 4361 54,
543 4305 574 4364 92
606 4291 782 4365 cognomine
804 4289 972 4348 Insubribus
994 4305 1085 4365 pag03
1112 4289 1191 4348 Suet.
1215 4288 1284 4348 Otlr.
1309 4306 1320 4347 1
1344 4298 1430 4350 exin:
1462 4305 1568 4364 cogno·

328 4389 439 4447 minem
458 4389 511 4446 sibi
532 4387 649 4467 (filium).
865 4444 885 4476 u

417 4488 651 4550 Commendabilr'r
681 4511 748 4562 cum
775 4493 832 4552 abl.
859 4495 1004 4571 conjunct.
1031 4510 1059 4563 2,
1083 4510 1114 4569 9,
1139 4492 1171 4552 6:
1206 4496 1333 4553 novitate
1360 4493 1468 4552 inventi
1495 4510 1513 4550 a
1538 4505 1567 4548 se

258 4597 260 4602 ’
325 4593 424 4668 operis
442 4593 705 4662 commendabilem
722 4592 944 4670 (Pomponium).
976 4594 1020 4654 Cf.
1039 4596 1101 4654 Liv.
1120 4611 1164 4669 42,
1183 4611 1208 4672 5,
1227 4612 1256 4672 5;
1277 4595 1342 4662 Val.
1361 4595 1440 4654 Max.
1459 4611 1487 4669 9,
1508 4610 1528 4662 1,
1543 4604 1565 4646 2·
