3346 5454
406 625 566 683 Assentatio
589 623 618 681 in
640 623 751 680 bonam
773 628 887 696 partem
910 619 1013 678 dicitur
1033 636 1088 696 pro
1110 620 1278 688 assensione,
1301 620 1547 678 commendatione
1565 633 1588 688 2,

324 726 381 797 128,
404 742 435 801 3:
459 726 508 802 qui
533 724 573 783 bl.
591 701 689 782 Tullio
712 717 828 781 tantum
846 721 982 791 tribuere,
1005 729 1037 782 ut
1054 737 1150 797 paene
1173 719 1371 780 assentatione
1394 735 1448 778 sua
1473 719 1589 795 quibus

323 828 409 887 vellet
430 827 609 904 principatus
632 823 801 884 conciliaret
822 821 907 898 (Petr.
933 837 972 900 17,
996 819 1028 898 1).

407 931 654 988 Auctoranentun
674 924 753 1002 apud
771 923 945 984 Ciceronem
963 931 1132 985 contractus
1150 932 1202 994 est,
1225 941 1284 1000 quo
1307 923 1372 1006 quis
1390 941 1423 982 se
1441 923 1588 986 mercede

321 1038 411 1108 pacta
438 1029 476 1089 ad
503 1028 612 1105 aliquid
638 1025 717 1085 velut
738 1025 777 1086 ad
798 1024 884 1084 ludos
911 1024 1102 1101 gladiatorios
1129 1025 1241 1100 obligat
1264 1023 1312 1100 (cl.
1336 1025 1398 1084 Cic.
1421 1025 1458 1084 de
1486 1025 1542 1083 off.
1568 1039 1588 1094 1,

320 1149 367 1207 42,
392 1129 465 1208 150);
497 1129 638 1188 translate
660 1128 777 1204 ponitur
798 1146 852 1203 pro
879 1145 1067 1204 quocumque
1094 1128 1226 1205 praemio
1254 1135 1305 1186 aut
1327 1129 1436 1202 pretio,
1465 1144 1533 1204 quo
1558 1145 1589 1184 se

320 1233 385 1310 quis
407 1232 446 1292 ad
467 1229 699 1290 interficiendum
721 1229 833 1290 addixit
854 1241 879 1299 2,
903 1229 949 1300 28,
973 1245 1004 1303 3:
1027 1230 1057 1288 in
1080 1246 1115 1288 ea
1135 1228 1260 1308 jugulati
1283 1228 1352 1288 civis
1374 1228 1510 1288 Romani
1535 1246 1589 1304 pu·

321 1333 395 1394 blice
417 1335 641 1394 constitueretur
666 1338 923 1391 auctoramentum
950 1337 980 1389 et
1002 1346 1031 1401 2,
1060 1328 1113 1399 66,
1140 1345 1172 1404 3:
1204 1335 1430 1389 auctoramento
1462 1327 1587 1388 funebri

319 1433 509 1510 (Germanice
540 1435 662 1493 dicimus
694 1429 871 1516 ,Blutgeld‘i
903 1431 943 1489 ad
973 1433 1186 1491 conservatoris
1217 1430 1371 1510 quondam
1401 1432 1588 1508 reipublicae

322 1537 454 1615 tantique
476 1536 603 1596 consulis
625 1534 778 1595 invitando
800 1551 905 1592 necem
927 1530 1004 1609 (Sen.
1028 1533 1107 1608 phil,
1130 1531 1227 1608 Suet).

411 1637 527 1718 Candor
550 1655 602 1712 per
624 1636 847 1720 translationem
869 1634 972 1694 dicitur
993 1653 1047 1710 pro
1069 1635 1164 1694 antini
1181 1637 1369 1710 simplicitate,
1392 1633 1586 1694 benevolentiis

325 1756 353 1810 2,
378 1737 440 1808 116,
457 1731 492 1812 ’51
520 1755 617 1813 neque
640 1738 734 1815 justus
761 1734 824 1796 sine
850 1734 1007 1796 mendacio
1030 1735 1143 1795 candor
1169 1736 1247 1812 apud
1276 1737 1370 1796 bonos
1398 1737 1518 1796 crimini
1542 1743 1584 1794 est
1638 1761 1639 1764 ¹

321 1836 718 1922 (Ov,Plin.pan.84).¹

402 1940 524 2022 'Capsus
551 1949 597 2000 est
619 1939 698 2016 apud
721 1940 885 2000 Vitruvium
914 1957 952 1998 ea
977 1957 1046 2016 pars
1068 1937 1170 2008 redae,
1203 1939 1233 1996 in
1260 1957 1319 2016 qua
1346 1940 1395 2015 qui
1426 1945 1584 1998 vectantur

323 2043 436 2114 sedent,
460 2043 540 2122 apud
562 2043 707 2120 Vellejum
730 2050 865 2118 saeptum
888 2041 1008 2101 sudibus
1032 2041 1156 2112 factum,
1179 2058 1238 2118 quo
1261 2041 1399 2100 animalia
1425 2041 1583 2100 continen-

323 2153 371 2204 tur
394 2163 420 2216 1,
445 2144 492 2214 16,
515 2161 545 2203 2:
573 2142 824 2220 quemadmodum
853 2143 954 2203 clausa
978 2160 1069 2219 capso
1095 2143 1189 2202 aliove
1211 2150 1314 2219 saepto
1338 2143 1441 2203 diversi
1462 2142 1584 2218 generis

323 2246 464 2305 animalia
485 2253 713 2322 congregantur.

410 2347 472 2406 Pro
495 2353 577 2422 captu
599 2363 666 2422 pro:
693 2347 804 2417 habitu,
828 2351 934 2406 natura
960 2345 1063 2405 dicitur
1086 2361 1114 2414 2,
1144 2361 1213 2420 104,
1241 2362 1272 2420 3:
1304 2345 1584 2413 scelestissimorum

323 2450 386 2526 ejus
407 2445 518 2524 (Tiberi
549 2447 694 2524 Caesaris)
720 2465 841 2523 operum
864 2457 1011 2524 spectator
1032 2456 1062 2507 et
1083 2466 1137 2524 pro
1156 2455 1244 2523 captu
1268 2448 1475 2507 mediocritatis
1502 2447 1585 2524 adju·

324 2558 370 2609 tor
393 2550 433 2609 fui
453 2547 530 2634 (Seu.
553 2550 591 2609 de
612 2551 698 2608 clem.
723 2567 749 2621 1,
774 2558 821 2625 19,
843 2566 872 2619 2;
897 2550 972 2609 Gell.
997 2567 1022 2618 1,
1046 2567 1078 2626 q,
1097 2566 1128 2624 3;
1157 2549 1261 2626 Velleji
1287 2557 1317 2627 et
1341 2549 1471 2609 Senecae
1501 2550 1584 2609 locos

324 2651 402 2710 adde
423 2652 506 2711 lexic.
524 2650 654 2728 Latinis).
689 2651 811 2712 Classici
830 2652 985 2728 scriptores
1003 2653 1059 2711 hoc
1077 2651 1221 2710 vocabulo
1243 2669 1304 2709 non
1326 2658 1453 2722 utuntur,
1477 2652 1538 2710 nisi
1556 2651 1584 2706 in
1640 2633 1641 2662 r

325 2753 464 2830 loquendi
487 2753 628 2812 formula:
652 2760 685 2812 nt
703 2759 802 2829 coptus
823 2761 865 2814 est
885 2762 1026 2830 sequente
1048 2754 1177 2829 genitivo
1199 2752 1305 2829 plural.
1328 2751 1408 2830 (Cic,
1432 2751 1541 2828 Caes).

414 2852 544 2912 Censura
565 2859 624 2931 pro'
638 2855 754 2931 judicio
776 2855 893 2931 ponitur
912 2870 941 2925 2,
964 2855 1015 2930 36,
1039 2872 1070 2930 3:
1094 2873 1164 2914 nam
1187 2855 1318 2913 vivorum
1340 2864 1373 2912 ut
1394 2873 1510 2930 magna
1534 2853 1584 2914 ad·

326 2954 455 3026 micaria,
487 2956 528 3014 ita
557 2973 680 3014 censura
709 2955 832 3016 difficilis
865 2964 909 3015 est
936 2953 1012 3032 (Seu.
1040 2975 1099 3033 ep,
1131 2955 1205 3014 Plin.
1233 2949 1314 3034 maj.,
1347 2957 1463 3034 Juven,
1497 2954 1583 3024 Gell,

327 3051 431 3132 Apul).
475 3056 563 3132 Apud
590 3064 703 3116 veteres
729 3057 884 3134 scriptores
911 3058 986 3117 haec
1012 3076 1069 3118 vor
1097 3075 1212 3133 semper
1238 3057 1276 3116 de
1302 3075 1424 3116 munere
1446 3057 1583 3118 censorio

269 3229 272 3234 Ι
327 3157 438 3216 dicitur.
841 3217 844 3224 ,

416 3257 577 3335 Confiniurn
604 3261 644 3319 ab
666 3259 783 3337 optimis
810 3261 998 3337 scriptoribus
1020 3270 1136 3321 tantum
1163 3262 1281 3339 propria
1307 3261 1522 3337 significatione
1546 3261 1581 3320 de

325 3361 457 3420 terminis
479 3363 508 3420 in
531 3363 656 3438 praediis
680 3363 792 3422 rusticis
814 3364 948 3438 usurpari
970 3362 1053 3422 solet.
1094 3364 1213 3435 Poetae,
1236 3370 1268 3422 ut
1292 3361 1422 3432 Ovidius,
1446 3362 1486 3421 ad
1509 3373 1583 3422 tem·

326 3480 380 3538 pus
398 3463 608 3523 transtulerunt
630 3481 715 3522 usum
739 3464 822 3542 hujus
845 3465 936 3534 vocis;
960 3466 1039 3542 apud
1060 3465 1196 3526 Cornific.
1219 3465 1258 3525 ad
1279 3465 1411 3524 Herenn.
1434 3482 1461 3538 4,
1489 3482 1526 3535 11,
1550 3462 1581 3522 16

327 3565 462 3639 primum,
485 3563 592 3623 deinde
615 3566 695 3641 apud
717 3567 882 3642 scriptores,
905 3568 954 3644 qui
972 3576 1039 3644 post
1057 3569 1182 3642 Augusti
1205 3568 1317 3626 obitum
1340 3567 1466 3636 suerunt,
1490 3574 1584 3652 trans·

327 3667 387 3724 late
411 3666 448 3726 de
470 3667 533 3725 aliis
556 3668 643 3726 rebus
666 3668 751 3744 quasi
774 3669 874 3727 vicinis
897 3670 1012 3739 dicitur,
1035 3669 1115 3728 velut
1137 3669 1213 3728 Vell.
1237 3685 1265 3740 2,
1290 3685 1353 3743 124,
1378 3685 1404 3728 1:
1436 3668 1466 3726 in
1494 3685 1582 3746 quam

329 3775 413 3826 arcto
441 3768 545 3854 salutis
564 3768 692 3844 exitique
719 3769 825 3829 suimus
853 3771 980 3829 confinio
1001 3768 1078 3844 (Seu.
1097 3789 1151 3846 ep,
1171 3770 1281 3844 Quint,
1301 3769 1385 3841 Tac,
1403 3769 1476 3829 Plin.
1497 3767 1584 3847 pan).

416 3866 557 3958 Confusio
584 3887 637 3945 pro
662 3871 878 3943 perturbatione
904 3874 998 3930 onr'rni
1022 3871 1125 3930 dicitur
1151 3889 1181 3943 2,
1210 3889 1272 3947 124,
1303 3889 1329 3931 1:
1360 3890 1437 3950 quae
1464 3881 1583 3932 senatus

327 3963 492 4045 trepidatio,
515 3989 593 4049 quae
616 3973 716 4056 populi
738 3972 872 4031 conlusio
888 3971 964 4048 (l'al.
983 3974 1076 4044 Maru,
1094 3975 1184 4044 Tac„
1207 3974 1279 4034 Plin.
1298 3976 1382 4044 min.;
1406 3973 1512 4033 Cicero
1530 3976 1584 4033 hac

328 4089 401 4130 voce
423 4091 539 4148 semper
561 4075 650 4132 utitur
672 4092 726 4150 pro
748 4076 950 4152 conjunctione,
968 4079 1182 4152 permistione).

418 4171 568 4234 Convictus
599 4176 678 4251 apud
713 4176 884 4235 Ciceronem
915 4181 1152 4248 consuetudinem,
1188 4180 1398 4238 contubernium
1430 4178 1582 4252 significat,

331 4276 412 4351 apud
431 4277 584 4352 scriptores
608 4257 774 4353 argenteae,
798 4295 876 4358 quae
894 4287 1024 4349 vocatur,
1047 4280 1152 4338 aetatis
1174 4298 1228 4356 pro
1246 4282 1371 4338 conorbro
1390 4280 1516 4355 ponitur,
1540 4296 1586 4336 ve-

329 4375 373 4435 lut
396 4376 470 4434 Vell.
489 4394 514 4447 2,
533 4394 578 4453 33,
598 4395 631 4451 4:
654 4378 793 4438 Lucullus
815 4381 953 4456 profusae
976 4381 1060 4460 hujus
1082 4381 1112 4440 in
1135 4381 1272 4440 aedificiis
1295 4381 1535 4458 convictibusque
1557 4385 1586 4436 et

312 4479 524 4554 ,apparatibus
547 4481 679 4540 luxuriae
700 4481 810 4557 primus
833 4489 937 4541 auctor
961 4482 1014 4541 luit
1036 4483 1131 4558 (Cels,
1154 4482 1228 4541 Plin.
1251 4484 1330 4559 maj.,
1354 4481 1446 4557 Tac).

417 4580 550 4656 Digestio
574 4601 627 4658 pro
650 4601 686 4640 eo
710 4583 823 4654 dicitur,
847 4584 927 4660 quod
954 4577 999 4643 esi
1020 4586 1154 4642 ordinate
1181 4585 1268 4644 series
1290 4599 1320 4654 2,
1343 4600 1394 4658 53,
1418 4599 1447 4656 4:
1476 4600 1583 4640 cuma
