3346 5454
552 440 757 500 -,,-,

17 608 123 686 Velleji
140 609 368 684 interpretibus,
391 619 422 668 ut
445 628 463 669 a
481 601 566 689 Janio
588 620 617 672 et
635 611 771 682 Krausio,
794 631 847 690 pro
865 580 993 688 genitivo
1010 613 1182 674 substantivi
1200 623 1284 674 actus

20 710 158 770 habitum
182 719 215 770 et
240 729 309 770 cum
332 713 454 781 ,incesti‘
476 714 665 791 conjunctum
687 733 751 775 esse
773 715 858 776 valde
879 716 977 774 miror.

99 813 292 898 Aggregore
318 821 459 892 sequente
487 815 593 891 duplici
618 817 788 876 accusativo
815 833 844 887 2,
871 833 919 894 33,
949 832 978 874 1:
1009 833 1083 892 quos
1113 821 1233 878 comites
1255 821 1283 878 ei

23 916 138 974 fortuna
161 924 397 990 aggregaverat.

104 1017 241 1091 Alloqur',
262 1035 319 1076 vox
341 1035 408 1077 raro
431 1036 450 1078 a
472 1019 618 1080 veteribus
640 1020 828 1096 scriptoribus
850 1029 991 1098 usurpata
1014 1019 1062 1098 (cl.
1085 1019 1144 1080 Cic.
1167 1020 1284 1080 Cluent.
1347 1082 1352 1093 ,

22 1119 60 1187 nr,
85 1133 138 1194 170
144 1133 152 1188 ;
177 1119 242 1177 hoc
262 1136 322 1177 uno
340 1118 407 1178 loco
425 1121 454 1178 in
476 1122 658 1180 orationibus
676 1121 789 1198 exstat),
807 1142 825 1182 a
843 1123 1031 1199 scriptoribus
1049 1140 1158 1182 aureae
1176 1124 1292 1182 aetatis

22 1211 207 1297 frequentata
241 1228 296 1280 est.
341 1220 417 1280 Vell.
445 1238 471 1293 2,
499 1220 544 1294 62,
571 1238 602 1298 5:
633 1223 743 1300 alloqui
766 1223 872 1284 milites
899 1222 974 1299 (Seu.
996 1221 1079 1300 phil.,
1107 1224 1179 1284 Plin.
1202 1225 1281 1301 maj,

25 1323 128 1395 Quint,
153 1320 244 1393 Tac,
264 1320 362 1399 Suet).

105 1425 219 1484 Artare
248 1423 354 1484 latiore
376 1425 589 1501 significatione
615 1426 718 1486 dicitur
745 1445 799 1503 pro
826 1429 1014 1502 restringere,
1037 1430 1192 1502 augustens
1214 1429 1285 1502 alqd

19 1527 120 1604 secere
137 1543 334 1603 quacumque
350 1528 464 1586 ratione
481 1528 653 1604 plerumque
672 1529 701 1586 in
719 1529 821 1605 partic.
839 1527 912 1605 perf.
930 1545 1008 1605 pass.
1025 1537 1136 1588 artatus
1147 1545 1168 1598 1,
1191 1528 1231 1593 16,
1251 1545 1280 1586 2:
1331 1550 1352 1567 «-

29 1634 150 1686 artatum
172 1628 322 1704 spatium;
347 1645 368 1699 1,
394 1628 436 1700 16,
459 1645 488 1705 5:
510 1629 587 1688 adeo
609 1636 737 1689 artatum
760 1631 903 1705 angustiis
924 1640 1103 1712 temporum,
1132 1639 1164 1689 ut
1190 1649 1278 1688 nemo

30 1729 129 1804 dignus
150 1737 222 1800 etc.;
248 1745 275 1798 2,
301 1745 344 1800 10,
368 1747 397 1789 2:
423 1733 464 1791 ita
486 1739 582 1791 artata
603 1749 725 1790 numero
747 1731 881 1801 felicitas;
908 1748 934 1801 2,
958 1730 1006 1802 86,
1031 1749 1058 1791 1:
1085 1733 1149 1808 quis
1171 1733 1201 1791 in
1223 1732 1281 1792 hoc

30 1840 189 1892 transcursu
212 1839 281 1892 tarn
299 1833 388 1892 artati
410 1833 505 1909 operis
523 1834 686 1910 exprimere
703 1831 829 1894 audeat?
866 1833 910 1892 Cl.
919 1834 982 1892 Liv.
992 1849 1038 1910 45,
1056 1834 1102 1910 36,
1123 1851 1153 1910 3:
1174 1843 1280 1894 contra

32 1935 57 1990 in
77 1935 222 2008 praemiis,
240 1925 280 1992 'in
302 1929 460 1994 honoribus
482 1935 583 1994 omnia
604 1943 708 1994 artata.

108 2037 245 2094 Attollere
265 2035 450 2107 vocabulum,
469 2054 528 2113 quo
546 2037 663 2112 saepius
681 2045 788 2113 poetae
806 2045 836 2096 et
853 2036 951 2096 Livius
969 2037 1014 2096 usi
1031 2047 1107 2108 sunt,
1127 2057 1145 2098 a
1164 2038 1280 2115 Vellejo

33 2138 163 2197 translata
185 2139 405 2214 significatione
427 2148 583 2217 usurpatur
604 2156 657 2215 pro
679 2159 725 2214 eo,
747 2140 826 2216 quod
844 2140 923 2217 apud
941 2139 1114 2200 Ciceronem
1136 2137 1218 2214 (Phil.
1240 2155 1277 2209 11,

37 2255 71 2312 14,
91 2236 136 2318 36)
158 2249 203 2300 est
226 2259 337 2300 ornare
360 2258 385 2318 2,
412 2240 456 2317 65,
486 2258 511 2300 1:
525 2273 528 2282 -
542 2249 654 2318 quanto
676 2234 826 2302 Ciceronis
854 2241 949 2302 studio
971 2241 1077 2301 Brutus
1101 2241 1279 2319 Cassiusque

37 2342 225 2402 attollerentur
250 2340 373 2420 (Quint,
391 2343 473 2409 Tac,
496 2344 538 2402 Pl.
561 2342 627 2420 ep).

110 2446 220 2503 Audere
248 2445 321 2523 alqd
347 2463 372 2516 2,
400 2462 445 2519 24,
470 2461 496 2516 r;
523 2462 548 2516 2,
571 2461 617 2522 47,
646 2462 672 2517 13
703 2463 728 2517 2,
752 2445 798 2523 56,
821 2462 855 2521 43
883 2463 908 2518 2,
932 2445 975 2518 61,
1004 2463 1015 2505 1
1043 2444 1173 2522 (Poetae,
1200 2446 1279 2515 Sall,

40 2544 98 2614 Liv,
114 2542 204 2623 Tac).
237 2547 344 2608 Cicero
365 2549 429 2608 hoc.
439 2549 615 2608 vocabulum
637 2550 789 2627 conjungit
804 2567 873 2608 cum
896 2549 1195 2608 infinitivo-ausus
1211 2565 1280 2624 pas·

43 2647 92 2704 siva
107 2650 132 2706 vi
153 2651 299 2728 accipitur
317 2651 396 2726 apud
414 2651 539 2726 primum
557 2649 703 2729 Vellejum
721 2667 746 2722 2,
769 2650 818 2721 80,
841 2643 872 2726 3':
895 2669 954 2710 non
973 2669 991 2710 a
1008 2651 1190 2726 Scipionibus
1199 2651 1282 2726 quic·

44 2765 239 2830 quarnausurn
259 2761 468 2830 patratumque
487 2752 587 2812 lortius
606 2770 696 2829 quam
714 2760 784 2812 tunc
802 2739 821 2812 a
839 2753 981 2822 Caesare3
999 2769 1024 2824 2,
1034 2751 1079 2829 56,
1091 2769 1123 2826 4:
1141 2751 1279 2810 omuibus

46 2850 167 2912 audendis
189 2855 404 2930 paratissimus.
448 2853 493 2914 Cf.
521 2853 595 2913 Tac.
622 2873 691 2913 ann.
718 2871 749 2929 3,
773 2853 822 2930 67:
850 2856 929 2915 ausis
955 2855 993 2914 ad
1016 2855 1175 2915 Caesarem
1198 2854 1279 2912 codi-

47 2950 108 3012 cillis.
135 2957 222 3032 Apud
231 2958 297 3018 Liv.
306 2974 352 3033 36,
363 2956 389 3028 8,
400 2957 428 3026 8,
438 2975 528 3034 quem
541 2958 639 3016 locum
648 2958 780 3018 Klotzius
790 2958 883 3026 affert,
897 2975 975 3018 nunc
984 2958 1090 3032 legitur
1102 2957 1280 3028 ,audebantt

49 3051 93 3112 Pro
108 3060 287 3120 substantivo
304 3060 446 3136 participii
464 3066 601 3119 neutrum
618 3077 724 3118 ausum
742 3059 878 3136 frequens
895 3070 947 3130 est,
966 3059 1003 3119 cl.
1013 3060 1098 3120 Neue
1115 3059 1155 3121 11.
1173 3078 1201 3135 p.
1215 3073 1280 3133 333.

116 3169 265 3222 auctorare
283 3180 349 3239 pro:
376 3164 498 3221 mercede
519 3163 588 3236 olqd
600 3162 773 3241 succendam
796 3165 937 3237 suscipere
954 3166 1000 3222 vel
1013 3173 1127 3237 parare
1140 3177 1164 3231 2,
1184 3175 1232 3234 3ο,
1253 3176 1281 3218 1:
1335 3198 1337 3202 -

53 3255 84 3314 M·
102 3260 249 3338 Perpenna
273 3265 327 3324 sibi
349 3265 546 3340 turpissimam
568 3272 693 3322 mortem
711 3265 839 3340 pessimo
862 3252 1023 3323 auctoravit
1041 3263 1179 3322 facinore.
1210 3261 1281 3319 Hoc
1310 3307 1313 3312 ,

51 3362 201 3423 vocabulum
229 3367 287 3426 nisi
313 3369 343 3426 in
370 3366 490 3442 perlecti
517 3366 622 3442 passivi
653 3351 748 3424 fornia
775 3383 836 3424 non
867 3364 1029 3426 admodum
1060 3364 1195 3440 frequens
1226 3361 1291 3421 est.v

53 3457 129 3521 Semel
153 3476 248 3529 exstat
275 3467 338 3526 Liv.
365 3482 409 3543 37,
438 3482 482 3538 10,
511 3465 541 3537 8;
573 3466 679 3543 deinde
706 3467 784 3542 apud
808 3466 893 3536 Hor„
916 3467 983 3526 Seu.
1004 3467 1081 3542 phil.,
1104 3466 1175 3526 Plin.
1198 3465 1280 3543 maj„

54 3559 142 3632 Quint..
329 3639 332 3646 .

124 3667 219 3731 Cedere
241 3691 296 3749 pro
318 3689 354 3731 eo
373 3672 484 3743 dicitur,
507 3670 587 3748 quod
609 3679 654 3729 est
675 3669 755 3748 apud
772 3669 946 3730 Ciceronem
962 3671 1115 3745 procedere
1141 3687 1166 3741 2,
1191 3685 1233 3744 14,
1254 3687 1282 3727 1:

56 3761 116 3824 bene
133 3781 234 3849 coepta
256 3774 336 3835 male
358 3773 515 3842 cedebant;
534 3789 559 3842 2,
584 3771 624 3844 18,
647 3788 678 3848 5:
701 3790 768 3831 cum
791 3773 867 3831 bene
889 3773 1023 3833 consulta
1046 3774 1072 3832 ei
1094 3773 1172 3832 male
1194 3771 1281 3832 cede·

58 3875 107 3923 rent
124 3868 216 3947 (Poet,
239 3876 329 3936 Corn.
351 3874 437 3952 Nep,
459 3874 546 3949 Sall).

22 4021 23 4026 ,
128 3971 292 4049 Coalescere,
320 3977 400 4054 quod
427 3976 464 4035 de
490 3975 630 4038 membris
656 3983 707 4034 aut
728 3965 903 4035 vulneribus
917 3975 1090 4034 coeuntibus
1116 3981 1282 4050 usurpatur,
1339 3989 1342 3998 ¹

60 4076 228 4151 metonymice
251 4087 347 4140 exstat
368 4095 392 4150 2,
417 4094 466 4154 90,
492 4096 518 4137 1:
541 4079 773 4138 coalescentibus
795 4079 835 4137 rei
857 4077 992 4154 publicae
1009 4075 1161 4153 membris3
1187 4082 1283 4134 trans-

60 4166 105 4229 late
115 4175 207 4240 dicitur
216 4199 241 4260 2,
250 4181 297 4258 48,
309 4197 325 4258 5
335 4157 345 4240 :⁴
353 4181 543 4240 coalescentis
553 4179 740 4239 condiciones
750 4181 831 4255 pacis
841 4179 973 4238 discussit
982 4178 1062 4256 (Liv.,
1072 4174 1284 4251 Quint.,Tac.).

130 4276 246 4344 Condere
264 4283 389 4362 (Graece
413 4277 541 4359 κτίζειν)
571 4282 702 4341 colonias
728 4281 885 4341 insolenter
912 4299 930 4339 a
956 4280 1071 4358 Vellejo
1098 4279 1202 4338 dicitur
1227 4297 1283 4354 pro

65 4374 311 4452 usitatalocutione
328 4386 473 4448 deducere
492 4384 623 4444 coloniae
645 4381 690 4458 (ci.
709 4400 734 4456 2,
755 4401 797 4460 14,
817 4400 844 4455 13
864 4384 1009 4443 deducere
1027 4385 1149 4444 colonos
1167 4399 1191 4453 2,
1210 4398 1236 4457 3,
1255 4381 1286 4455 3)

64 4471 100 4544 ila,
118 4491 146 4539 ut
164 4485 261 4564 imago
281 4490 361 4548 urbis
383 4488 556 4547 condendae
583 4487 683 4545 animo
706 4487 852 4563 scriptoris
879 4487 1035 4544 obversata
1060 4503 1125 4544 esse
1151 4485 1286 4543 videatur

67 4587 82 4641 ¹.
101 4594 132 4656 ¹52
153 4601 176 4644 1:
197 4608 255 4652 non
272 4592 385 4655 vacavit
402 4590 543 4651 Romanis
566 4588 696 4648 colonias
718 4589 854 4649 condere.
900 4587 1035 4648 Condere
1057 4588 1191 4658 insulam,
1214 4583 1231 4640 i.
1255 4600 1284 4640 e.
