3346 5454
857 445 984 504 -226
1028 474 1063 486 .-

341 637 430 697 Prudt
463 636 540 696 cath.
570 650 617 706 10,
650 633 711 708 167.
748 663 788 675 -
825 631 969 692 Genitalis
999 631 1061 690 dies
1092 647 1158 706 pro:
1190 630 1251 688 dies
1281 627 1387 688 natalis
1418 627 1492 686 Tac.
1521 647 1597 687 ann,

344 737 391 808 16,
415 755 457 812 14.
938 780 939 786 ,
1236 765 1239 771 1

429 837 550 898 Geticus.
598 836 725 896 Geticum
748 835 857 895 beilum
879 851 908 904 2,
931 849 983 910 59,
1005 849 1024 906 4
1048 830 1125 904 (Ov.,
1148 821 1239 908 stati).

430 929 595 1000 Germanus
612 957 679 1016 pro:
700 935 932 1006 Germanicum,
953 934 1017 1006 106,
1035 951 1065 994 2:
1088 933 1171 993 fracti
1189 931 1387 1007 Longobardi,
1406 929 1482 1006 gens
1499 931 1596 990 etiam

345 1041 495 1102 Germana
517 1040 632 1100 feritate
655 1041 779 1099 ferocior
800 1036 874 1115 (Ov.,
897 1037 996 1114 Pers).
1117 1053 1136 1094 ο

427 1143 538 1202 Hirtus
555 1151 644 1218 atque
662 1143 808 1200 borrziius.
844 1139 930 1199 Haec
947 1137 1099 1208 vocabula,
1118 1154 1195 1214 quae
1212 1135 1329 1212 proprie
1347 1134 1499 1214 hirsutum,
1523 1134 1597 1192 hor-

344 1264 411 1305 rens
433 1246 559 1304 crinibus
581 1241 751 1320 (‚struppig‘)
773 1243 945 1317 significant,
968 1241 1180 1300 transferuntur
1202 1256 1221 1296 a
1243 1236 1356 1314 Vellejo
1378 1235 1418 1294 ad
1439 1236 1597 1311 ingenium

345 1357 374 1406 et
396 1364 492 1405 mores
513 1345 614 1404 inculti
635 1354 665 1403 et
686 1345 725 1404 ab
747 1345 896 1418 elegantia
918 1342 1032 1402 urbana
1053 1341 1141 1400 alieni
1157 1340 1244 1400 Marii
1261 1356 1286 1410 2,
1306 1355 1344 1408 11,
1364 1355 1390 1395 1:
1414 1335 1448 1395 C.
1466 1337 1596 1405 Marius,

345 1449 435 1528 hirtus
457 1454 546 1523 atque
568 1446 701 1506 horridus
723 1447 840 1521 vitaque
862 1451 989 1504 sanctus.
1033 1442 1080 1502 Ci.
1101 1442 1174 1502 Hor.
1197 1459 1243 1518 ep.
1265 1458 1289 1512 1,
1313 1457 1339 1515 3,
1362 1455 1408 1498 22:
1435 1439 1595 1514 ingenium

345 1568 404 1608 non
426 1531 569 1609 incultum
590 1566 645 1608 nec
667 1548 787 1623 turpiter
810 1547 926 1606 hirtum.
972 1545 1123 1604 Horridus
1145 1543 1249 1602 eadem
1276 1541 1502 1618 significatione,
1530 1557 1594 1616 qua

345 1652 425 1728 apud
446 1650 603 1727 Vellejum,
627 1650 714 1708 etiam
743 1649 822 1725 apud
845 1648 1017 1709 Ciceronem
1040 1655 1134 1707 exstat
1155 1646 1242 1725 (Brut.
1264 1661 1308 1721 31,
1331 1656 1391 1717 117:
1414 1643 1538 1702 Tubero
1563 1651 1597 1700 ut

343 1754 403 1812 vita
420 1753 461 1811 sic
483 1751 616 1810 oratione
638 1751 735 1820 durus,
758 1750 891 1821 incultus,
914 1747 1064 1826 horridus).

429 1853 542 1914 Ilzizcur
562 1869 630 1928 pro:
657 1851 803 1930 Trojanus
827 1869 852 1923 1,
875 1869 906 1927 3,
928 1867 957 1908 2:
980 1851 1029 1929 qui
1050 1851 1141 1909 Iliaca
1163 1854 1373 1934 componentes
1395 1854 1532 1922 tempora
1557 1844 1594 1903 de

344 1974 380 2015 ea
401 1957 521 2031 regione
539 1963 771 2014 commemorant
790 1942 864 2030 [ie.
882 1972 929 2012 res
946 1953 1043 2012 Iliacis
1061 1952 1239 2028 temporibus
1258 1959 1357 2025 gestas
1375 1943 1592 2024 describentes]

310 2138 312 2142 .
346 2055 456 2135 (Verg,
479 2055 543 2128 Ov.,
566 2056 649 2126 Hor,
673 2055 721 2113 Sil.
743 2056 818 2124 Ital,
841 2057 889 2114 alii
911 2052 1035 2132 poetae).

429 2159 584 2234 Impatiens
601 2157 807 2234 praeeuntibus
826 2156 930 2216 Ovidio
948 2166 978 2216 et
992 2156 1123 2230 Vergilio
1140 2155 1215 2213 inter
1232 2170 1337 2229 prosae
1358 2152 1498 2210 orationis
1523 2151 1596 2210 scri·

344 2269 442 2336 ptores
465 2260 576 2319 videtur
602 2266 717 2319 exstare
745 2258 824 2334 apud
850 2259 976 2334 primum
999 2256 1156 2334 Velleium
1184 2255 1234 2331 qui
1260 2253 1402 2331 adjectivo
1428 2252 1593 2328 genitivum

346 2361 477 2438 adjungit
499 2376 525 2430 2,
542 2376 585 2435 23,
607 2376 632 2418 1:
656 2360 698 2416 vir
720 2359 824 2436 quietis
846 2353 1114 2433 impatientissimus
1136 2355 1217 2432 (eor,
1239 2357 1305 2416 Sen.
1324 2355 1400 2431 phil,
1418 2355 1491 2412 Plin.
1509 2355 1593 2430 maj„

346 2462 449 2539 Tac.).‘
482 2462 592 2532 Locus,
619 2477 706 2533 quem
728 2459 860 2520 Klotzius
885 2460 916 2518 in
937 2458 1031 2519 lexico
1053 2460 1160 2519 Latino
1182 2477 1218 2517 ex
1240 2458 1301 2516 Liv.
1325 2473 1354 2533 5,
1378 2471 1422 2532 37,
1444 2472 1463 2530 4
1492 2454 1595 2527 (Klotz

346 2564 419 2624 falso
442 2580 470 2640 5,
495 2563 540 2640 38)
562 2564 659 2632 affert,
681 2568 761 2620 nunc
782 2571 929 2621 correctus
951 2570 996 2624 est
1016 2560 1114 2638 ibique
1135 2560 1242 2636 legitur
1264 2559 1418 2634 ,impotens
1440 2560 1501 2616 est‘.

430 2664 625 2724 Ineluctabilis
647 2680 676 2733 2,
699 2677 742 2740 57,
766 2679 797 2738 3:
820 2662 871 2723 sed
892 2662 1024 2746 proiecto
1042 2661 1234 2722 ineluctabilis
1257 2661 1384 2719 latorum
1406 2660 1447 2718 vis
1469 2657 1596 2717 consilia

347 2767 513 2843 corrumpit.
548 2765 613 2838 ¹‚Er
635 2765 725 2840 Verg.
748 2767 821 2824 Aen.
844 2764 870 2835 8,
893 2780 959 2839 334.
1002 2765 1060 2823 Pro
1082 2782 1140 2840 quo
1162 2763 1224 2821 Liv.
1247 2762 1274 2833 8,
1297 2777 1322 2837 7,
1346 2762 1379 2821 8:
1401 2761 1594 2844 inexsupera-

346 2868 413 2927 bilis
433 2870 475 2926 vis
499 2867 561 2938 iati;
589 2865 674 2925 Ovid.
696 2876 766 2925 met.
791 2882 833 2941 15,
858 2865 928 2941 807:
960 2865 1156 2943 insuperabile
1177 2863 1284 2932 tatum3
1307 2861 1387 2922 Curt.
1413 2877 1508 2933 1o,1‚
1537 2875 1593 2934 30:

346 2969 519 3029 inevitabilis
542 2986 604 3026 sors
626 2968 687 3025 sati.
722 2966 917 3025 Ineluctabilis
939 2967 968 3026 in
990 2966 1087 3025 soluta
1109 2966 1242 3024 oratione
1260 2966 1349 3024 etiam
1371 2964 1504 3035 dixerunt
1521 2964 1594 3022 Sen.

346 3079 407 3130 nat.
430 3080 543 3148 quaest.
567 3068 595 3140 6,
618 3083 642 3144 7,
666 3077 734 3142 aet
754 3070 901 3128 Arnobius
923 3084 947 3144 7,
973 3084 999 3126 11
1021 3069 1092 3126 init!
1123 3067 1324 3134 Ruhnkenius.

431 3172 589 3231 Interritus
610 3189 676 3248 pro:
699 3191 754 3230 non
771 3173 958 3246 perterritus,
981 3190 1037 3228 non
1058 3172 1174 3228 ttiuiiius
1196 3185 1225 3239 2,
1248 3183 1299 3245 70,
1322 3185 1354 3228 2:
1379 3176 1592 3245 extentumque

348 3275 492 3333 cervicem
513 3274 658 3334 interritus
680 3273 783 3332 liberto
805 3263 939 3349 praebuit
963 3271 1072 3348 (Verg,
1096 3271 1160 3344 Ov.,
1183 3271 1249 3330 Sen.
1269 3271 1346 3348 phil,
1370 3268 1481 3343 Quint,
1503 3269 1595 3340 Tae,
1627 3319 1630 3326 r

349 3375 421 3434 eun.
445 3359 531 3451 min).
810 3443 814 3450 ,
1332 3423 1336 3432 ,

432 3477 547 3552 Rasilis
568 3494 635 3553 pro:
652 3479 819 3553 perpolitus,
841 3479 983 3552 levigatur
1004 3492 1029 3546 2,
1048 3474 1093 3551 56,
1112 3491 1141 3534 2;
1163 3475 1299 3553 triumphi
1318 3473 1520 3549 Hispaniensis
1540 3493 1595 3550 ap

345 3563 468 3656 paratus
487 3587 615 3662 ¹argento
636 3579 715 3640 rasili
737 3581 871 3639 constitit.
908 3579 1112 3654 Intelliguntur
1134 3577 1290 3637 simulacra
1311 3585 1341 3635 et
1363 3575 1473 3634 fercula
1490 3593 1526 3634 ex
1547 3595 1596 3635 ar·

348 3682 461 3757 genteis
478 3681 597 3748 ,laminis
619 3683 724 3758 politis,
747 3683 879 3757 levigatis
901 3699 961 3739 non
983 3681 1103 3739 caelatis
1124 3678 1231 3755 (Verg.‚
1257 3677 1322 3750 Ov.,
1344 3677 1417 3737 Plin.
1441 3675 1526 3756 mai).
1561 3745 1566 3752 ,

434 3781 559 3840 Rubellii
579 3799 648 3840 eum
670 3784 821 3857 significat,
845 3782 945 3858 quiin
967 3781 1143 3840 deditionem
1160 3790 1298 3856 acceptus
1319 3779 1429 3838 bellum
1451 3798 1596 3839 renovare

349 3883 447 3943 studet
464 3899 489 3952 2,
508 3899 558 3961 90,
577 3900 604 3942 1:
626 3883 774 3943 Delmatia
795 3901 889 3943 annos
912 3883 1012 3958 viginti
1034 3892 1062 3942 et
1084 3883 1225 3942 ducentos
1248 3882 1363 3942 rebellis
1385 3880 1500 3958 (Verg.‚
1525 3880 1593 3953 Ov.,

351 3986 416 4044 Val.
438 3984 534 4066 Maxq
548 3985 631 4056 Tac„
649 3983 774 4062 poster).
788 4017 827 4029 -
858 4043 860 4048 ,

434 4087 489 4148 His
507 4088 655 4166 adjectivis
668 4086 796 4164 Vellejus
818 4088 1060 4161 significationem
1083 4095 1134 4146 aut
1156 4095 1330 4145 structuram
1353 4086 1391 4144 ab
1413 4087 1595 4163 optimorum

350 4190 523 4263 scriptorum
545 4189 755 4250 consuetudine
776 4189 982 4248 abhorrentem
1004 4189 1153 4265 imposuit:
1357 4259 1359 4264 Ι

435 4291 549 4366 Aequus
570 4311 654 4366 quam
676 4307 743 4368 pro:
766 4309 872 4366 aequus
893 4296 974 4365 atque
995 4291 1111 4366 ponitur
1133 4306 1161 4362 2,
1187 4307 1245 4360 121,
1270 4308 1297 4349 1:
1319 4290 1486 4365 postulante
1508 4297 1594 4365 patre

351 4395 421 4472 ejus,
443 4401 476 4452 ut
498 4411 625 4468 aequum
647 4393 674 4451 ei
694 4395 740 4471 jus
762 4393 792 4450 in
813 4391 948 4450 omnibus
971 4392 1123 4468 provinciis
1145 4394 1376 4469 exercitibusque
1394 4400 1479 4461 esset,
1502 4410 1595 4468 quam

350 4505 413 4555 erat
430 4495 492 4571 ipsi.
512 4493 612 4567 Quum
630 4497 755 4572 primum
773 4494 851 4570 apud
869 4493 1005 4552 Plautum
1023 4493 1094 4568 (Mil.
1113 4510 1138 4566 2,
1157 4512 1182 4572 5,
1202 4511 1236 4571 55
1252 4491 1350 4574 [465];
1371 4493 1456 4570 Epid.
1476 4509 1502 4564 2,
1518 4511 1546 4570 3,
1561 4494 1594 4569 2),

352 4598 456 4658 deinde
478 4597 557 4674 apud
578 4597 691 4658 Livium
713 4596 748 4674 (5,
771 4613 796 4672 3,
820 4610 852 4670 4;
875 4612 917 4671 31,
943 4611 963 4667 1,
986 4592 1014 4675 3)
1037 4604 1066 4655 et
1087 4598 1262 4673 posteriores
1285 4614 1429 4673 aeque..
1449 4637 1457 4654 .
1477 4613 1596 4673 .quam
