<?xml version="1.0" encoding="UTF-8"?>
<!DOCTYPE html PUBLIC "-//W3C//DTD XHTML 1.0 Transitional//EN"
    "http://www.w3.org/TR/xhtml1/DTD/xhtml1-transitional.dtd">
<html xmlns="http://www.w3.org/1999/xhtml" xml:lang="en" lang="en">
 <head>
  <title>
</title>
<meta http-equiv="Content-Type" content="text/html;charset=utf-8" />
  <meta name='ocr-system' content='tesseract 3.04.00' />
  <meta name='ocr-capabilities' content='ocr_page ocr_carea ocr_par ocr_line ocrx_word'/>
</head>
<body>
  <div class='ocr_page' id='page_1' title='image "./deelocutionemve01georgoog_0038.png"; bbox 0 0 3346 5454; ppageno 0'>
   <div class='ocr_carea' id='block_1_1' title="bbox 599 421 806 518">
    <p class='ocr_par' dir='ltr' id='par_1_1' title="bbox 599 421 806 518">
     <span class='ocr_line' id='line_1_1' title="bbox 599 421 806 518; baseline 0.005 -33"><span class='ocrx_word' id='word_1_1' title='bbox 599 421 806 518; x_wconf 30' lang='lat'>‘&#39;²5⁴&#39;&#39;</span> 
     </span>
    </p>
   </div>
   <div class='ocr_carea' id='block_1_2' title="bbox 78 625 1326 1414">
    <p class='ocr_par' dir='ltr' id='par_1_2' title="bbox 78 625 1326 1010">
     <span class='ocr_line' id='line_1_2' title="bbox 162 625 1326 706; baseline 0.005 -21"><span class='ocrx_word' id='word_1_2' title='bbox 162 627 339 685; x_wconf 82' lang='lat' dir='ltr'>Lacernaius</span> <span class='ocrx_word' id='word_1_3' title='bbox 360 639 427 702; x_wconf 88' lang='lat' dir='ltr'>pro:</span> <span class='ocrx_word' id='word_1_4' title='bbox 457 627 574 686; x_wconf 81' lang='lat' dir='ltr'>lacerna</span> <span class='ocrx_word' id='word_1_5' title='bbox 597 629 713 687; x_wconf 74' lang='lat' dir='ltr'>rbduius</span> <span class='ocrx_word' id='word_1_6' title='bbox 740 631 769 699; x_wconf 73' lang='lat'>1,</span> <span class='ocrx_word' id='word_1_7' title='bbox 792 625 846 698; x_wconf 89' lang='lat'>80,</span> <span class='ocrx_word' id='word_1_8' title='bbox 869 645 904 704; x_wconf 80' lang='lat'>3:</span> <span class='ocrx_word' id='word_1_9' title='bbox 934 630 1041 706; x_wconf 82' lang='lat' dir='ltr'>quippe</span> <span class='ocrx_word' id='word_1_10' title='bbox 1068 649 1140 690; x_wconf 88' lang='lat' dir='ltr'>cum.</span> <span class='ocrx_word' id='word_1_11' title='bbox 1155 630 1273 690; x_wconf 67' lang='lat' dir='ltr'>inermis</span> <span class='ocrx_word' id='word_1_12' title='bbox 1295 638 1326 690; x_wconf 88' lang='lat' dir='ltr'>et</span> 
     </span>
     <span class='ocr_line' id='line_1_3' title="bbox 78 723 1326 816; baseline 0.002 -29"><span class='ocrx_word' id='word_1_13' title='bbox 78 730 244 787; x_wconf 83' lang='lat' dir='ltr'><strong>lacernatus</strong></span> <span class='ocrx_word' id='word_1_14' title='bbox 267 733 343 787; x_wconf 89' lang='lat' dir='ltr'>esset</span> <span class='ocrx_word' id='word_1_15' title='bbox 364 723 437 806; x_wconf 89' lang='lat' dir='ltr'>(Juv.</span> <span class='ocrx_word' id='word_1_16' title='bbox 463 743 484 798; x_wconf 90' lang='lat'>1,</span> <span class='ocrx_word' id='word_1_17' title='bbox 508 727 557 796; x_wconf 87' lang='grc'>62;</span> <span class='ocrx_word' id='word_1_18' title='bbox 581 728 657 788; x_wconf 88' lang='lat' dir='ltr'>Petr.</span> <span class='ocrx_word' id='word_1_19' title='bbox 681 727 729 806; x_wconf 98' lang='grc'>69,</span> <span class='ocrx_word' id='word_1_20' title='bbox 753 727 790 806; x_wconf 83' lang='grc'>5).</span> <span class='ocrx_word' id='word_1_21' title='bbox 830 725 907 816; x_wconf 74' lang='lat' dir='ltr'>Veli,</span> <span class='ocrx_word' id='word_1_22' title='bbox 927 747 952 801; x_wconf 90' lang='lat'>2,</span> <span class='ocrx_word' id='word_1_23' title='bbox 976 745 1021 807; x_wconf 84' lang='lat'>70,</span> <span class='ocrx_word' id='word_1_24' title='bbox 1045 746 1076 790; x_wconf 88' lang='lat'>2:</span> <span class='ocrx_word' id='word_1_25' title='bbox 1098 727 1216 791; x_wconf 88' lang='lat' dir='ltr'>lacerna</span> <span class='ocrx_word' id='word_1_26' title='bbox 1238 739 1326 807; x_wconf 90' lang='lat' dir='ltr'>caput</span> 
     </span>
     <span class='ocr_line' id='line_1_4' title="bbox 79 813 1325 910; baseline 0.003 -22"><span class='ocrx_word' id='word_1_27' title='bbox 79 830 277 890; x_wconf 84' lang='lat' dir='ltr'>circumdedit.</span> <span class='ocrx_word' id='word_1_28' title='bbox 315 813 450 889; x_wconf 85' lang='lat' dir='ltr'>Lacerna</span> <span class='ocrx_word' id='word_1_29' title='bbox 471 831 550 889; x_wconf 88' lang='lat' dir='ltr'>enim</span> <span class='ocrx_word' id='word_1_30' title='bbox 572 837 617 890; x_wconf 91' lang='lat' dir='ltr'>est</span> <span class='ocrx_word' id='word_1_31' title='bbox 638 829 725 891; x_wconf 87' lang='lat' dir='ltr'>vestis</span> <span class='ocrx_word' id='word_1_32' title='bbox 747 816 893 891; x_wconf 77' lang='lat' dir='ltr'>cucullata</span> <span class='ocrx_word' id='word_1_33' title='bbox 910 835 1041 904; x_wconf 83' lang='lat' dir='ltr'>crassior,</span> <span class='ocrx_word' id='word_1_34' title='bbox 1063 840 1156 910; x_wconf 77' lang='lat' dir='ltr'>quani</span> <span class='ocrx_word' id='word_1_35' title='bbox 1176 829 1206 891; x_wconf 91' lang='lat' dir='ltr'>in</span> <span class='ocrx_word' id='word_1_36' title='bbox 1223 833 1325 892; x_wconf 89' lang='lat' dir='ltr'>militia</span> 
     </span>
     <span class='ocr_line' id='line_1_5' title="bbox 78 917 1113 1010; baseline 0.003 -20"><span class='ocrx_word' id='word_1_37' title='bbox 78 941 108 990; x_wconf 90' lang='lat' dir='ltr'>et</span> <span class='ocrx_word' id='word_1_38' title='bbox 132 917 236 990; x_wconf 83' lang='lat' dir='ltr'>itinere</span> <span class='ocrx_word' id='word_1_39' title='bbox 258 931 365 992; x_wconf 84' lang='lat' dir='ltr'>milites</span> <span class='ocrx_word' id='word_1_40' title='bbox 387 931 427 990; x_wconf 92' lang='lat' dir='ltr'>ad</span> <span class='ocrx_word' id='word_1_41' title='bbox 449 927 608 991; x_wconf 84' lang='lat' dir='ltr'>arcendum</span> <span class='ocrx_word' id='word_1_42' title='bbox 631 932 722 1008; x_wconf 80' lang='lat' dir='ltr'>frigus</span> <span class='ocrx_word' id='word_1_43' title='bbox 744 937 778 992; x_wconf 84' lang='lat' dir='ltr'>et</span> <span class='ocrx_word' id='word_1_44' title='bbox 798 933 925 1010; x_wconf 87' lang='lat' dir='ltr'>pluviam</span> <span class='ocrx_word' id='word_1_45' title='bbox 947 918 1113 1010; x_wconf 78' lang='lat' dir='ltr'>gestabant.</span> 
     </span>
    </p>

    <p class='ocr_par' dir='ltr' id='par_1_3' title="bbox 78 1029 1325 1414">
     <span class='ocr_line' id='line_1_6' title="bbox 162 1029 1325 1113; baseline 0 -19"><span class='ocrx_word' id='word_1_46' title='bbox 162 1035 286 1094; x_wconf 81' lang='lat' dir='ltr'>Prosus.</span> <span class='ocrx_word' id='word_1_47' title='bbox 330 1035 428 1094; x_wconf 85' lang='lat' dir='ltr'>Prosa</span> <span class='ocrx_word' id='word_1_48' title='bbox 449 1033 617 1112; x_wconf 57' lang='lat' dir='ltr'>eloqoentia</span> <span class='ocrx_word' id='word_1_49' title='bbox 639 1053 693 1112; x_wconf 89' lang='lat' dir='ltr'>pro</span> <span class='ocrx_word' id='word_1_50' title='bbox 715 1036 810 1096; x_wconf 90' lang='lat' dir='ltr'>soluta</span> <span class='ocrx_word' id='word_1_51' title='bbox 832 1029 965 1095; x_wconf 81' lang='lat' dir='ltr'>oratione</span> <span class='ocrx_word' id='word_1_52' title='bbox 986 1032 1067 1113; x_wconf 83' lang='lat' dir='ltr'>(Cic.)</span> <span class='ocrx_word' id='word_1_53' title='bbox 1090 1052 1112 1106; x_wconf 88' lang='lat'>1,</span> <span class='ocrx_word' id='word_1_54' title='bbox 1136 1051 1176 1112; x_wconf 89' lang='grc'>17,</span> <span class='ocrx_word' id='word_1_55' title='bbox 1198 1051 1229 1112; x_wconf 83' lang='lat'>3:</span> <span class='ocrx_word' id='word_1_56' title='bbox 1259 1055 1325 1113; x_wconf 90' lang='lat' dir='ltr'>per·</span> 
     </span>
     <span class='ocr_line' id='line_1_7' title="bbox 88 1133 1324 1213; baseline 0.002 -19"><span class='ocrx_word' id='word_1_57' title='bbox 88 1137 197 1194; x_wconf 86' lang='lat' dir='ltr'>lectum</span> <span class='ocrx_word' id='word_1_58' title='bbox 214 1153 322 1212; x_wconf 88' lang='lat' dir='ltr'>prosae</span> <span class='ocrx_word' id='word_1_59' title='bbox 339 1136 523 1213; x_wconf 76' lang='lat' dir='ltr'>eloquentiae</span> <span class='ocrx_word' id='word_1_60' title='bbox 540 1133 639 1195; x_wconf 87' lang='lat' dir='ltr'>decus.</span> <span class='ocrx_word' id='word_1_61' title='bbox 670 1137 761 1196; x_wconf 83' lang='lat' dir='ltr'>Prosa</span> <span class='ocrx_word' id='word_1_62' title='bbox 777 1139 872 1196; x_wconf 89' lang='lat' dir='ltr'>oratio</span> <span class='ocrx_word' id='word_1_63' title='bbox 889 1147 997 1198; x_wconf 83' lang='lat' dir='ltr'>exstat:</span> <span class='ocrx_word' id='word_1_64' title='bbox 1019 1137 1083 1199; x_wconf 91' lang='lat' dir='ltr'>Col.</span> <span class='ocrx_word' id='word_1_65' title='bbox 1103 1154 1140 1209; x_wconf 91' lang='grc'>11,</span> <span class='ocrx_word' id='word_1_66' title='bbox 1160 1155 1182 1208; x_wconf 88' lang='grc'>1,</span> <span class='ocrx_word' id='word_1_67' title='bbox 1202 1153 1228 1208; x_wconf 90' lang='grc'>1;</span> <span class='ocrx_word' id='word_1_68' title='bbox 1250 1138 1324 1197; x_wconf 92' lang='lat' dir='ltr'>Plin.</span> 
     </span>
     <span class='ocr_line' id='line_1_8' title="bbox 78 1231 1323 1317; baseline 0.002 -4"><span class='ocrx_word' id='word_1_69' title='bbox 78 1239 106 1297; x_wconf 83' lang='lat' dir='ltr'>h·</span> <span class='ocrx_word' id='word_1_70' title='bbox 127 1257 154 1298; x_wconf 80' lang='lat' dir='ltr'>n·</span> <span class='ocrx_word' id='word_1_71' title='bbox 177 1252 204 1313; x_wconf 80' lang='grc'>1,</span> <span class='ocrx_word' id='word_1_72' title='bbox 225 1237 264 1314; x_wconf 80' lang='lat'>56</span> <span class='ocrx_word' id='word_1_73' title='bbox 285 1231 348 1314; x_wconf 74' lang='lat' dir='ltr'>inl.</span> <span class='ocrx_word' id='word_1_74' title='bbox 371 1253 440 1314; x_wconf 75' lang='lat'><strong>2053</strong></span> <span class='ocrx_word' id='word_1_75' title='bbox 462 1238 529 1298; x_wconf 81' lang='lat' dir='ltr'>Sen-</span> <span class='ocrx_word' id='word_1_76' title='bbox 552 1256 598 1315; x_wconf 81' lang='lat' dir='ltr'>ev·</span> <span class='ocrx_word' id='word_1_77' title='bbox 623 1255 675 1316; x_wconf 74' lang='lat'>94,</span> <span class='ocrx_word' id='word_1_78' title='bbox 697 1237 878 1316; x_wconf 59' lang='grc'>11101111</span> <span class='ocrx_word' id='word_1_79' title='bbox 897 1253 923 1312; x_wconf 78' lang='lat'>1,</span> <span class='ocrx_word' id='word_1_80' title='bbox 945 1255 975 1316; x_wconf 77' lang='lat' dir='ltr'>s.</span> <span class='ocrx_word' id='word_1_81' title='bbox 993 1240 1045 1311; x_wconf 55' lang='lat'>&#39;18;</span> <span class='ocrx_word' id='word_1_82' title='bbox 1072 1239 1150 1300; x_wconf 84' lang='lat' dir='ltr'>Suet·</span> <span class='ocrx_word' id='word_1_83' title='bbox 1172 1239 1249 1315; x_wconf 75' lang='lat' dir='ltr'>Aus-</span> <span class='ocrx_word' id='word_1_84' title='bbox 1273 1238 1323 1317; x_wconf 78' lang='lat'>853</span> 
     </span>
     <span class='ocr_line' id='line_1_9' title="bbox 81 1339 410 1414; baseline -0.006 -15"><span class='ocrx_word' id='word_1_85' title='bbox 81 1339 184 1399; x_wconf 83' lang='lat' dir='ltr'>Claud.</span> <span class='ocrx_word' id='word_1_86' title='bbox 209 1355 248 1410; x_wconf 85' lang='lat'>1.;</span> <span class='ocrx_word' id='word_1_87' title='bbox 270 1340 359 1399; x_wconf 89' lang='lat' dir='ltr'>Dom.</span> <span class='ocrx_word' id='word_1_88' title='bbox 381 1355 410 1414; x_wconf 90' lang='lat'>4.</span> 
     </span>
    </p>
   </div>
   <div class='ocr_carea' id='block_1_3' title="bbox 164 1431 1432 1519">
    <p class='ocr_par' dir='ltr' id='par_1_4' title="bbox 164 1409 1505 1519">
     <span class='ocr_line' id='line_1_10' title="bbox 164 1431 1432 1519; baseline 0.002 -20"><span class='ocrx_word' id='word_1_89' title='bbox 164 1440 357 1501; x_wconf 75' lang='lat' dir='ltr'>Sacerdotalrs</span> <span class='ocrx_word' id='word_1_90' title='bbox 374 1457 406 1512; x_wconf 88' lang='grc'>2,</span> <span class='ocrx_word' id='word_1_91' title='bbox 431 1457 492 1516; x_wconf 91' lang='lat'>124,</span> <span class='ocrx_word' id='word_1_92' title='bbox 515 1457 547 1515; x_wconf 87' lang='lat'>4:</span> <span class='ocrx_word' id='word_1_93' title='bbox 574 1457 634 1517; x_wconf 91' lang='lat' dir='ltr'>quo</span> <span class='ocrx_word' id='word_1_94' title='bbox 655 1451 789 1519; x_wconf 91' lang='lat' dir='ltr'>tempore</span> <span class='ocrx_word' id='word_1_95' title='bbox 806 1443 876 1502; x_wconf 86' lang='lat' dir='ltr'>mihi</span> <span class='ocrx_word' id='word_1_96' title='bbox 899 1441 1038 1518; x_wconf 85' lang='lat' dir='ltr'>fratrique</span> <span class='ocrx_word' id='word_1_97' title='bbox 1060 1431 1141 1516; x_wconf 58' lang='lat' dir='ltr'>meo&#39;,</span> <span class='ocrx_word' id='word_1_98' title='bbox 1160 1442 1323 1502; x_wconf 86' lang='lat' dir='ltr'>candidatis</span> <span class='ocrx_word' id='word_1_99' title='bbox 1429 1506 1432 1512; x_wconf 70' lang='grc'>,</span> 
     </span>
    </p>
   </div>
   <div class='ocr_carea' id='block_1_4' title="bbox 80 1529 1360 1927">
    <p class='ocr_par' dir='ltr' id='par_1_5' title="bbox 80 1529 1360 1832">
     <span class='ocr_line' id='line_1_11' title="bbox 80 1529 1326 1623; baseline 0.002 -21"><span class='ocrx_word' id='word_1_100' title='bbox 80 1543 226 1614; x_wconf 87' lang='lat' dir='ltr'>Caesaris,</span> <span class='ocrx_word' id='word_1_101' title='bbox 248 1543 381 1620; x_wconf 85' lang='lat' dir='ltr'>proxime</span> <span class='ocrx_word' id='word_1_102' title='bbox 403 1561 422 1602; x_wconf 90' lang='lat' dir='ltr'>a</span> <span class='ocrx_word' id='word_1_103' title='bbox 444 1537 629 1603; x_wconf 83' lang='lat' dir='ltr'>nobilissimis</span> <span class='ocrx_word' id='word_1_104' title='bbox 651 1562 687 1603; x_wconf 91' lang='lat' dir='ltr'>ac</span> <span class='ocrx_word' id='word_1_105' title='bbox 709 1543 938 1604; x_wconf 88' lang='lat' dir='ltr'>sacerdotalibus</span> <span class='ocrx_word' id='word_1_106' title='bbox 959 1545 1024 1604; x_wconf 90' lang='lat' dir='ltr'>viris</span> <span class='ocrx_word' id='word_1_107' title='bbox 1047 1546 1185 1605; x_wconf 87' lang='lat' dir='ltr'>destinari</span> <span class='ocrx_word' id='word_1_108' title='bbox 1207 1529 1326 1623; x_wconf 84' lang='lat' dir='ltr'>praeto·</span> 
     </span>
     <span class='ocr_line' id='line_1_12' title="bbox 82 1637 1360 1732; baseline 0.003 -30"><span class='ocrx_word' id='word_1_109' title='bbox 82 1647 161 1703; x_wconf 89' lang='lat' dir='ltr'>ribus</span> <span class='ocrx_word' id='word_1_110' title='bbox 188 1637 310 1720; x_wconf 87' lang='lat' dir='ltr'>contigit</span> <span class='ocrx_word' id='word_1_111' title='bbox 341 1641 443 1723; x_wconf 82' lang='lat' dir='ltr'>(Orelli</span> <span class='ocrx_word' id='word_1_112' title='bbox 469 1646 561 1705; x_wconf 89' lang='lat' dir='ltr'>Inscr.</span> <span class='ocrx_word' id='word_1_113' title='bbox 588 1644 675 1722; x_wconf 85' lang='lat'>4981:</span> <span class='ocrx_word' id='word_1_114' title='bbox 707 1645 895 1705; x_wconf 85' lang='lat' dir='ltr'>sacerdotalis</span> <span class='ocrx_word' id='word_1_115' title='bbox 922 1647 975 1717; x_wconf 87' lang='lat' dir='ltr'>vir;</span> <span class='ocrx_word' id='word_1_116' title='bbox 1002 1647 1074 1706; x_wconf 92' lang='lat' dir='ltr'>Plin.</span> <span class='ocrx_word' id='word_1_117' title='bbox 1102 1665 1148 1724; x_wconf 88' lang='lat' dir='ltr'>ep.</span> <span class='ocrx_word' id='word_1_118' title='bbox 1170 1661 1195 1722; x_wconf 85' lang='lat'>7,</span> <span class='ocrx_word' id='word_1_119' title='bbox 1217 1664 1267 1722; x_wconf 87' lang='lat'>24,</span> <span class='ocrx_word' id='word_1_120' title='bbox 1290 1647 1322 1706; x_wconf 89' lang='lat'>6:</span> <span class='ocrx_word' id='word_1_121' title='bbox 1357 1727 1360 1732; x_wconf 17' lang='grc' dir='ltr'><em>ι</em></span> 
     </span>
     <span class='ocr_line' id='line_1_13' title="bbox 82 1744 1095 1832; baseline -0.008 -25"><span class='ocrx_word' id='word_1_122' title='bbox 82 1747 278 1808; x_wconf 85' lang='lat' dir='ltr'>sacerdotales</span> <span class='ocrx_word' id='word_1_123' title='bbox 300 1744 378 1824; x_wconf 90' lang='lat' dir='ltr'>ludi).</span> <span class='ocrx_word' id='word_1_124' title='bbox 1092 1819 1095 1832; x_wconf 34' lang='lat'><em>·</em></span> 
     </span>
    </p>

    <p class='ocr_par' dir='ltr' id='par_1_6' title="bbox 165 1847 1325 1927">
     <span class='ocr_line' id='line_1_14' title="bbox 165 1847 1325 1927; baseline 0 -19"><span class='ocrx_word' id='word_1_125' title='bbox 165 1850 288 1908; x_wconf 76' lang='lat' dir='ltr'>Rectius</span> <span class='ocrx_word' id='word_1_126' title='bbox 313 1847 519 1927; x_wconf 78' lang='lat' dir='ltr'>Part-Adject.</span> <span class='ocrx_word' id='word_1_127' title='bbox 546 1867 597 1926; x_wconf 90' lang='lat' dir='ltr'>per</span> <span class='ocrx_word' id='word_1_128' title='bbox 623 1847 843 1909; x_wconf 85' lang='lat' dir='ltr'>translationem</span> <span class='ocrx_word' id='word_1_129' title='bbox 870 1849 908 1907; x_wconf 92' lang='lat' dir='ltr'>de</span> <span class='ocrx_word' id='word_1_130' title='bbox 930 1866 1019 1924; x_wconf 89' lang='lat' dir='ltr'>opere</span> <span class='ocrx_word' id='word_1_131' title='bbox 1049 1849 1195 1926; x_wconf 89' lang='lat' dir='ltr'>scriptoris</span> <span class='ocrx_word' id='word_1_132' title='bbox 1221 1850 1325 1910; x_wconf 90' lang='lat' dir='ltr'>dicitur</span> 
     </span>
    </p>
   </div>
   <div class='ocr_carea' id='block_1_5' title="bbox 81 1949 1411 2032">
    <p class='ocr_par' dir='ltr' id='par_1_7' title="bbox 81 1949 1411 2032">
     <span class='ocr_line' id='line_1_15' title="bbox 81 1949 1411 2032; baseline -0.001 -21"><span class='ocrx_word' id='word_1_133' title='bbox 81 1971 148 2029; x_wconf 88' lang='lat' dir='ltr'>pro:</span> <span class='ocrx_word' id='word_1_134' title='bbox 180 1953 276 2011; x_wconf 84' lang='lat' dir='ltr'>brevis</span> <span class='ocrx_word' id='word_1_135' title='bbox 298 1967 326 2023; x_wconf 89' lang='lat'>2,</span> <span class='ocrx_word' id='word_1_136' title='bbox 349 1951 402 2025; x_wconf 87' lang='grc'>89,</span> <span class='ocrx_word' id='word_1_137' title='bbox 428 1969 454 2010; x_wconf 89' lang='lat'>1:</span> <span class='ocrx_word' id='word_1_138' title='bbox 486 1969 523 2009; x_wconf 92' lang='lat' dir='ltr'>ne</span> <span class='ocrx_word' id='word_1_139' title='bbox 549 1951 578 2008; x_wconf 92' lang='lat' dir='ltr'>in</span> <span class='ocrx_word' id='word_1_140' title='bbox 601 1951 696 2026; x_wconf 86' lang='lat' dir='ltr'>operis</span> <span class='ocrx_word' id='word_1_141' title='bbox 719 1950 836 2027; x_wconf 90' lang='lat' dir='ltr'>quidem</span> <span class='ocrx_word' id='word_1_142' title='bbox 856 1950 924 2028; x_wconf 88' lang='lat' dir='ltr'>justi</span> <span class='ocrx_word' id='word_1_143' title='bbox 946 1950 1082 2022; x_wconf 90' lang='lat' dir='ltr'>materia,</span> <span class='ocrx_word' id='word_1_144' title='bbox 1110 1949 1218 2010; x_wconf 88' lang='lat' dir='ltr'>nedum</span> <span class='ocrx_word' id='word_1_145' title='bbox 1240 1953 1324 2030; x_wconf 90' lang='lat' dir='ltr'>hujus</span> <span class='ocrx_word' id='word_1_146' title='bbox 1408 2023 1411 2032; x_wconf 61' lang='lat'>.</span> 
     </span>
    </p>
   </div>
   <div class='ocr_carea' id='block_1_6' title="bbox 80 2050 1413 4681">
    <p class='ocr_par' dir='ltr' id='par_1_8' title="bbox 80 2050 1323 2338">
     <span class='ocr_line' id='line_1_16' title="bbox 83 2050 1323 2130; baseline -0.001 -17"><span class='ocrx_word' id='word_1_147' title='bbox 83 2064 143 2113; x_wconf 91' lang='lat' dir='ltr'>tam</span> <span class='ocrx_word' id='word_1_148' title='bbox 168 2055 256 2114; x_wconf 87' lang='lat' dir='ltr'>recisi</span> <span class='ocrx_word' id='word_1_149' title='bbox 281 2053 370 2130; x_wconf 81' lang='lat' dir='ltr'>digne</span> <span class='ocrx_word' id='word_1_150' title='bbox 394 2054 516 2130; x_wconf 84' lang='lat' dir='ltr'>exprimi</span> <span class='ocrx_word' id='word_1_151' title='bbox 541 2058 646 2128; x_wconf 90' lang='lat' dir='ltr'>potest.</span> <span class='ocrx_word' id='word_1_152' title='bbox 689 2050 734 2110; x_wconf 87' lang='lat' dir='ltr'>Cf.</span> <span class='ocrx_word' id='word_1_153' title='bbox 757 2051 830 2110; x_wconf 92' lang='lat' dir='ltr'>Plin.</span> <span class='ocrx_word' id='word_1_154' title='bbox 853 2069 899 2127; x_wconf 89' lang='lat' dir='ltr'>ep.</span> <span class='ocrx_word' id='word_1_155' title='bbox 924 2069 950 2122; x_wconf 94' lang='lat'>1,</span> <span class='ocrx_word' id='word_1_156' title='bbox 972 2067 1024 2123; x_wconf 89' lang='lat'>20,</span> <span class='ocrx_word' id='word_1_157' title='bbox 1047 2051 1078 2110; x_wconf 91' lang='lat'>8:</span> <span class='ocrx_word' id='word_1_158' title='bbox 1110 2071 1147 2112; x_wconf 87' lang='lat' dir='ltr'>ea</span> <span class='ocrx_word' id='word_1_159' title='bbox 1175 2054 1267 2112; x_wconf 88' lang='lat' dir='ltr'>recisa</span> <span class='ocrx_word' id='word_1_160' title='bbox 1294 2061 1323 2112; x_wconf 88' lang='lat' dir='ltr'>et</span> 
     </span>
     <span class='ocr_line' id='line_1_17' title="bbox 81 2154 1322 2232; baseline 0.001 -18"><span class='ocrx_word' id='word_1_161' title='bbox 81 2164 240 2232; x_wconf 88' lang='lat' dir='ltr'>repurgata</span> <span class='ocrx_word' id='word_1_162' title='bbox 265 2157 295 2215; x_wconf 91' lang='lat' dir='ltr'>in</span> <span class='ocrx_word' id='word_1_163' title='bbox 322 2173 412 2213; x_wconf 90' lang='lat' dir='ltr'>unum</span> <span class='ocrx_word' id='word_1_164' title='bbox 439 2154 543 2213; x_wconf 90' lang='lat' dir='ltr'>librum</span> <span class='ocrx_word' id='word_1_165' title='bbox 567 2161 726 2214; x_wconf 79' lang='lat' dir='ltr'>coartasse.</span> <span class='ocrx_word' id='word_1_166' title='bbox 770 2154 817 2213; x_wconf 84' lang='lat' dir='ltr'>Ad</span> <span class='ocrx_word' id='word_1_167' title='bbox 843 2161 958 2230; x_wconf 87' lang='lat' dir='ltr'>tempus</span> <span class='ocrx_word' id='word_1_168' title='bbox 984 2155 1107 2214; x_wconf 82' lang='lat' dir='ltr'>refertur</span> <span class='ocrx_word' id='word_1_169' title='bbox 1128 2156 1207 2232; x_wconf 91' lang='lat' dir='ltr'>apud</span> <span class='ocrx_word' id='word_1_170' title='bbox 1229 2156 1322 2215; x_wconf 89' lang='lat' dir='ltr'>Hadr.</span> 
     </span>
     <span class='ocr_line' id='line_1_18' title="bbox 80 2251 635 2338; baseline -0.005 -21"><span class='ocrx_word' id='word_1_171' title='bbox 80 2260 144 2334; x_wconf 88' lang='lat' dir='ltr'>imp.</span> <span class='ocrx_word' id='word_1_172' title='bbox 167 2277 218 2336; x_wconf 90' lang='lat' dir='ltr'>ap.</span> <span class='ocrx_word' id='word_1_173' title='bbox 241 2256 371 2338; x_wconf 84' lang='lat' dir='ltr'>Callistr.</span> <span class='ocrx_word' id='word_1_174' title='bbox 390 2256 448 2332; x_wconf 88' lang='lat' dir='ltr'>dig.</span> <span class='ocrx_word' id='word_1_175' title='bbox 472 2251 585 2333; x_wconf 86' lang='grc'>47,’21,</span> <span class='ocrx_word' id='word_1_176' title='bbox 608 2273 635 2314; x_wconf 90' lang='grc'>2.</span> 
     </span>
    </p>

    <p class='ocr_par' dir='ltr' id='par_1_9' title="bbox 81 2351 1358 2639">
     <span class='ocr_line' id='line_1_19' title="bbox 161 2351 1358 2442; baseline -0.002 -22"><span class='ocrx_word' id='word_1_177' title='bbox 161 2359 350 2440; x_wconf 77' lang='lat' dir='ltr'>Subrefectui</span> <span class='ocrx_word' id='word_1_178' title='bbox 375 2351 480 2436; x_wconf 69' lang='grc' dir='ltr'>(ἅπαξ</span> <span class='ocrx_word' id='word_1_179' title='bbox 505 2352 705 2442; x_wconf 77' lang='grc' dir='ltr'>εἰρημένον),</span> <span class='ocrx_word' id='word_1_180' title='bbox 727 2358 766 2416; x_wconf 89' lang='lat' dir='ltr'>ab</span> <span class='ocrx_word' id='word_1_181' title='bbox 787 2359 926 2417; x_wconf 89' lang='lat' dir='ltr'>inusitato</span> <span class='ocrx_word' id='word_1_182' title='bbox 952 2361 1041 2418; x_wconf 89' lang='lat' dir='ltr'>verbo</span> <span class='ocrx_word' id='word_1_183' title='bbox 1067 2360 1219 2419; x_wconf 88' lang='lat' dir='ltr'>subreficio</span> <span class='ocrx_word' id='word_1_184' title='bbox 1250 2360 1325 2418; x_wconf 90' lang='lat' dir='ltr'>deri·</span> <span class='ocrx_word' id='word_1_185' title='bbox 1356 2383 1358 2390; x_wconf 56' lang='lat'><strong><em>⁴</em></strong></span> 
     </span>
     <span class='ocr_line' id='line_1_20' title="bbox 81 2459 1323 2539; baseline 0.002 -21"><span class='ocrx_word' id='word_1_186' title='bbox 81 2469 173 2520; x_wconf 88' lang='lat' dir='ltr'>vatum</span> <span class='ocrx_word' id='word_1_187' title='bbox 192 2459 379 2538; x_wconf 83' lang='lat' dir='ltr'>adjectivum,</span> <span class='ocrx_word' id='word_1_188' title='bbox 397 2478 451 2537; x_wconf 90' lang='lat' dir='ltr'>pro</span> <span class='ocrx_word' id='word_1_189' title='bbox 468 2463 613 2535; x_wconf 65' lang='lat' dir='ltr'>aliquanto</span> <span class='ocrx_word' id='word_1_190' title='bbox 631 2461 737 2539; x_wconf 80' lang='lat' dir='ltr'>refecto</span> <span class='ocrx_word' id='word_1_191' title='bbox 755 2469 851 2520; x_wconf 83' lang='lat' dir='ltr'>exstat</span> <span class='ocrx_word' id='word_1_192' title='bbox 864 2476 888 2531; x_wconf 92' lang='lat'>2,</span> <span class='ocrx_word' id='word_1_193' title='bbox 905 2475 964 2535; x_wconf 83' lang='lat'>123,</span> <span class='ocrx_word' id='word_1_194' title='bbox 981 2477 1012 2535; x_wconf 84' lang='lat'>3:</span> <span class='ocrx_word' id='word_1_195' title='bbox 1031 2461 1210 2523; x_wconf 85' lang='lat' dir='ltr'>subresectus</span> <span class='ocrx_word' id='word_1_196' title='bbox 1228 2463 1323 2537; x_wconf 92' lang='lat' dir='ltr'>primo</span> 
     </span>
     <span class='ocr_line' id='line_1_21' title="bbox 84 2561 833 2639; baseline 0.001 -19"><span class='ocrx_word' id='word_1_197' title='bbox 84 2571 241 2639; x_wconf 87' lang='lat' dir='ltr'>conspeetu</span> <span class='ocrx_word' id='word_1_198' title='bbox 262 2562 450 2639; x_wconf 88' lang='lat' dir='ltr'>alloquioque</span> <span class='ocrx_word' id='word_1_199' title='bbox 471 2561 612 2620; x_wconf 88' lang='lat' dir='ltr'>carissimi</span> <span class='ocrx_word' id='word_1_200' title='bbox 634 2563 687 2620; x_wconf 94' lang='lat' dir='ltr'>sibi</span> <span class='ocrx_word' id='word_1_201' title='bbox 709 2562 833 2638; x_wconf 90' lang='lat' dir='ltr'>spiritus.</span> 
     </span>
    </p>

    <p class='ocr_par' dir='ltr' id='par_1_10' title="bbox 83 2660 1324 2944">
     <span class='ocr_line' id='line_1_22' title="bbox 167 2660 1323 2741; baseline 0 -18"><span class='ocrx_word' id='word_1_202' title='bbox 167 2665 338 2723; x_wconf 80' lang='lat' dir='ltr'>Teutonicus</span> <span class='ocrx_word' id='word_1_203' title='bbox 355 2665 373 2723; x_wconf 91' lang='lat' dir='ltr'>i.</span> <span class='ocrx_word' id='word_1_204' title='bbox 392 2683 418 2726; x_wconf 95' lang='lat' dir='ltr'>e.</span> <span class='ocrx_word' id='word_1_205' title='bbox 437 2663 475 2723; x_wconf 91' lang='lat' dir='ltr'>ad</span> <span class='ocrx_word' id='word_1_206' title='bbox 495 2663 648 2722; x_wconf 88' lang='lat' dir='ltr'>Teutonos</span> <span class='ocrx_word' id='word_1_207' title='bbox 666 2663 812 2738; x_wconf 88' lang='lat' dir='ltr'>pertinens</span> <span class='ocrx_word' id='word_1_208' title='bbox 829 2679 854 2732; x_wconf 91' lang='lat'>2,</span> <span class='ocrx_word' id='word_1_209' title='bbox 875 2678 935 2732; x_wconf 88' lang='lat'>120,</span> <span class='ocrx_word' id='word_1_210' title='bbox 955 2666 987 2722; x_wconf 85' lang='grc'>6;</span> <span class='ocrx_word' id='word_1_211' title='bbox 1009 2660 1154 2740; x_wconf 88' lang='lat' dir='ltr'>(hostium)</span> <span class='ocrx_word' id='word_1_212' title='bbox 1176 2663 1225 2741; x_wconf 90' lang='lat' dir='ltr'>qui</span> <span class='ocrx_word' id='word_1_213' title='bbox 1243 2664 1323 2724; x_wconf 87' lang='lat' dir='ltr'>Cim·</span> 
     </span>
     <span class='ocr_line' id='line_1_23' title="bbox 83 2762 1324 2842; baseline 0.002 -20"><span class='ocrx_word' id='word_1_214' title='bbox 83 2767 186 2825; x_wconf 87' lang='lat' dir='ltr'>bricam</span> <span class='ocrx_word' id='word_1_215' title='bbox 207 2765 463 2842; x_wconf 87' lang='lat' dir='ltr'>Teutonicamque</span> <span class='ocrx_word' id='word_1_216' title='bbox 481 2766 612 2823; x_wconf 88' lang='lat' dir='ltr'>militiam</span> <span class='ocrx_word' id='word_1_217' title='bbox 630 2763 734 2824; x_wconf 91' lang='lat' dir='ltr'>ltaliae</span> <span class='ocrx_word' id='word_1_218' title='bbox 756 2765 943 2825; x_wconf 88' lang='lat' dir='ltr'>minabantur</span> <span class='ocrx_word' id='word_1_219' title='bbox 964 2762 1041 2839; x_wconf 87' lang='lat' dir='ltr'>(Val.</span> <span class='ocrx_word' id='word_1_220' title='bbox 1060 2765 1140 2824; x_wconf 87' lang='lat' dir='ltr'>Max.</span> <span class='ocrx_word' id='word_1_221' title='bbox 1160 2766 1216 2837; x_wconf 82' lang='lat' dir='ltr'>bis;</span> <span class='ocrx_word' id='word_1_222' title='bbox 1235 2766 1324 2827; x_wconf 89' lang='lat' dir='ltr'>Clau·</span> 
     </span>
     <span class='ocr_line' id='line_1_24' title="bbox 84 2865 1097 2944; baseline 0.002 -20"><span class='ocrx_word' id='word_1_223' title='bbox 84 2867 155 2926; x_wconf 88' lang='lat' dir='ltr'>dian.</span> <span class='ocrx_word' id='word_1_224' title='bbox 176 2870 209 2926; x_wconf 89' lang='lat' dir='ltr'>in</span> <span class='ocrx_word' id='word_1_225' title='bbox 232 2867 354 2944; x_wconf 90' lang='lat' dir='ltr'>Eutrop.</span> <span class='ocrx_word' id='word_1_226' title='bbox 376 2867 434 2937; x_wconf 89' lang='lat' dir='ltr'>bis;</span> <span class='ocrx_word' id='word_1_227' title='bbox 456 2867 587 2926; x_wconf 85' lang='lat' dir='ltr'>Frontin.</span> <span class='ocrx_word' id='word_1_228' title='bbox 610 2882 638 2941; x_wconf 85' lang='lat'>1,</span> <span class='ocrx_word' id='word_1_229' title='bbox 659 2882 689 2935; x_wconf 89' lang='lat'>2,</span> <span class='ocrx_word' id='word_1_230' title='bbox 713 2865 744 2936; x_wconf 87' lang='lat'>6;</span> <span class='ocrx_word' id='word_1_231' title='bbox 767 2865 853 2943; x_wconf 91' lang='lat' dir='ltr'>Prop.</span> <span class='ocrx_word' id='word_1_232' title='bbox 876 2874 906 2926; x_wconf 89' lang='lat' dir='ltr'>et</span> <span class='ocrx_word' id='word_1_233' title='bbox 927 2866 1033 2943; x_wconf 81' lang='lat' dir='ltr'>Mart).</span> <span class='ocrx_word' id='word_1_234' title='bbox 1055 2897 1097 2909; x_wconf 93' lang='lat'><em>-</em></span> 
     </span>
    </p>

    <p class='ocr_par' dir='ltr' id='par_1_11' title="bbox 84 2967 1366 3147">
     <span class='ocr_line' id='line_1_25' title="bbox 162 2967 1322 3046; baseline 0.002 -18"><span class='ocrx_word' id='word_1_235' title='bbox 162 2968 234 3028; x_wconf 89' lang='lat' dir='ltr'>Non</span> <span class='ocrx_word' id='word_1_236' title='bbox 252 2969 333 3028; x_wconf 92' lang='lat' dir='ltr'>nulla</span> <span class='ocrx_word' id='word_1_237' title='bbox 356 2968 462 3028; x_wconf 91' lang='lat' dir='ltr'>deinde</span> <span class='ocrx_word' id='word_1_238' title='bbox 479 2967 608 3045; x_wconf 85' lang='lat' dir='ltr'>Vellejus</span> <span class='ocrx_word' id='word_1_239' title='bbox 631 2967 773 3044; x_wconf 85' lang='lat' dir='ltr'>adjectiva</span> <span class='ocrx_word' id='word_1_240' title='bbox 795 2967 884 3027; x_wconf 89' lang='lat' dir='ltr'>habet</span> <span class='ocrx_word' id='word_1_241' title='bbox 904 2986 1066 3045; x_wconf 87' lang='lat' dir='ltr'>eorumque</span> <span class='ocrx_word' id='word_1_242' title='bbox 1088 2969 1322 3046; x_wconf 90' lang='lat' dir='ltr'>significationes,</span> 
     </span>
     <span class='ocr_line' id='line_1_26' title="bbox 84 3051 1366 3147; baseline 0.001 -21"><span class='ocrx_word' id='word_1_243' title='bbox 84 3087 154 3144; x_wconf 91' lang='lat' dir='ltr'>quae</span> <span class='ocrx_word' id='word_1_244' title='bbox 175 3070 256 3147; x_wconf 90' lang='lat' dir='ltr'>apud</span> <span class='ocrx_word' id='word_1_245' title='bbox 278 3061 441 3146; x_wconf 87' lang='lat' dir='ltr'>superiores</span> <span class='ocrx_word' id='word_1_246' title='bbox 462 3077 566 3146; x_wconf 84' lang='lat' dir='ltr'>poetas</span> <span class='ocrx_word' id='word_1_247' title='bbox 589 3069 766 3145; x_wconf 81' lang='lat' dir='ltr'>frequentius</span> <span class='ocrx_word' id='word_1_248' title='bbox 787 3070 984 3128; x_wconf 90' lang='lat' dir='ltr'>inveniuntur:</span> <span class='ocrx_word' id='word_1_249' title='bbox 1364 3051 1366 3056; x_wconf 45' lang='grc'><strong>’</strong></span> 
     </span>
    </p>

    <p class='ocr_par' dir='ltr' id='par_1_12' title="bbox 82 3170 1322 3351">
     <span class='ocr_line' id='line_1_27' title="bbox 163 3170 1322 3246; baseline -0.001 -15"><span class='ocrx_word' id='word_1_250' title='bbox 163 3174 296 3231; x_wconf 81' lang='lat' dir='ltr'>Actr‘acus</span> <span class='ocrx_word' id='word_1_251' title='bbox 318 3173 336 3230; x_wconf 92' lang='lat' dir='ltr'>i.</span> <span class='ocrx_word' id='word_1_252' title='bbox 354 3188 380 3230; x_wconf 92' lang='lat' dir='ltr'>e.</span> <span class='ocrx_word' id='word_1_253' title='bbox 403 3170 441 3231; x_wconf 90' lang='lat' dir='ltr'>ad</span> <span class='ocrx_word' id='word_1_254' title='bbox 458 3170 576 3229; x_wconf 81' lang='lat' dir='ltr'>Actium</span> <span class='ocrx_word' id='word_1_255' title='bbox 598 3171 699 3228; x_wconf 88' lang='lat' dir='ltr'>urbem</span> <span class='ocrx_word' id='word_1_256' title='bbox 722 3172 868 3246; x_wconf 88' lang='lat' dir='ltr'>pertinens</span> <span class='ocrx_word' id='word_1_257' title='bbox 890 3187 915 3240; x_wconf 89' lang='lat'>2,</span> <span class='ocrx_word' id='word_1_258' title='bbox 934 3171 981 3242; x_wconf 89' lang='lat'>86,</span> <span class='ocrx_word' id='word_1_259' title='bbox 1001 3188 1030 3242; x_wconf 81' lang='lat'>23</span> <span class='ocrx_word' id='word_1_260' title='bbox 1053 3189 1078 3244; x_wconf 89' lang='lat'>2,</span> <span class='ocrx_word' id='word_1_261' title='bbox 1099 3171 1145 3243; x_wconf 90' lang='grc'>88,</span> <span class='ocrx_word' id='word_1_262' title='bbox 1165 3188 1191 3231; x_wconf 90' lang='lat'>1:</span> <span class='ocrx_word' id='word_1_263' title='bbox 1213 3173 1322 3232; x_wconf 81' lang='lat' dir='ltr'>bobum</span> 
     </span>
     <span class='ocr_line' id='line_1_28' title="bbox 82 3269 673 3351; baseline 0 -21"><span class='ocrx_word' id='word_1_264' title='bbox 82 3269 159 3346; x_wconf 70' lang='lat' dir='ltr'>(Oa,</span> <span class='ocrx_word' id='word_1_265' title='bbox 181 3275 285 3350; x_wconf 78' lang='lat' dir='ltr'>Verg,</span> <span class='ocrx_word' id='word_1_266' title='bbox 308 3273 381 3333; x_wconf 92' lang='lat' dir='ltr'>Plin.</span> <span class='ocrx_word' id='word_1_267' title='bbox 403 3274 484 3351; x_wconf 90' lang='lat' dir='ltr'>maj.,</span> <span class='ocrx_word' id='word_1_268' title='bbox 508 3271 593 3342; x_wconf 70' lang='lat' dir='ltr'>Tac„</span> <span class='ocrx_word' id='word_1_269' title='bbox 617 3271 673 3346; x_wconf 84' lang='lat' dir='ltr'>al).</span> 
     </span>
    </p>

    <p class='ocr_par' dir='ltr' id='par_1_13' title="bbox 83 3371 1322 3556">
     <span class='ocr_line' id='line_1_29' title="bbox 168 3371 1322 3463; baseline 0.001 -29"><span class='ocrx_word' id='word_1_270' title='bbox 168 3375 272 3451; x_wconf 83' lang='lat' dir='ltr'><strong><em>Capax</em></strong></span> <span class='ocrx_word' id='word_1_271' title='bbox 298 3374 434 3434; x_wconf 89' lang='lat' dir='ltr'>absolute</span> <span class='ocrx_word' id='word_1_272' title='bbox 460 3374 564 3433; x_wconf 91' lang='lat' dir='ltr'>dicitur</span> <span class='ocrx_word' id='word_1_273' title='bbox 595 3389 622 3444; x_wconf 91' lang='lat'>1,</span> <span class='ocrx_word' id='word_1_274' title='bbox 643 3371 698 3460; x_wconf 63' lang='grc' dir='ltr'>Δ62,</span> <span class='ocrx_word' id='word_1_275' title='bbox 727 3389 757 3430; x_wconf 89' lang='lat'>2:</span> <span class='ocrx_word' id='word_1_276' title='bbox 788 3375 909 3449; x_wconf 86' lang='lat' dir='ltr'>capacia</span> <span class='ocrx_word' id='word_1_277' title='bbox 939 3376 1058 3451; x_wconf 90' lang='lat' dir='ltr'>ingenia</span> <span class='ocrx_word' id='word_1_278' title='bbox 1084 3376 1225 3463; x_wconf 85' lang='lat' dir='ltr'>cujusque</span> <span class='ocrx_word' id='word_1_279' title='bbox 1251 3374 1322 3435; x_wconf 90' lang='lat' dir='ltr'>clari</span> 
     </span>
     <span class='ocr_line' id='line_1_30' title="bbox 83 3475 1321 3556; baseline -0.002 -19"><span class='ocrx_word' id='word_1_280' title='bbox 83 3480 172 3554; x_wconf 92' lang='lat' dir='ltr'>operis</span> <span class='ocrx_word' id='word_1_281' title='bbox 192 3477 268 3556; x_wconf 76' lang='grc'>(01,</span> <span class='ocrx_word' id='word_1_282' title='bbox 291 3479 375 3549; x_wconf 71' lang='lat' dir='ltr'>Hor,</span> <span class='ocrx_word' id='word_1_283' title='bbox 398 3478 493 3547; x_wconf 82' lang='lat' dir='ltr'>Lucr..</span> <span class='ocrx_word' id='word_1_284' title='bbox 517 3477 565 3536; x_wconf 89' lang='lat' dir='ltr'>Sil.</span> <span class='ocrx_word' id='word_1_285' title='bbox 589 3476 664 3545; x_wconf 88' lang='lat' dir='ltr'>Ital,</span> <span class='ocrx_word' id='word_1_286' title='bbox 687 3476 762 3536; x_wconf 92' lang='lat' dir='ltr'>Plin.</span> <span class='ocrx_word' id='word_1_287' title='bbox 785 3477 887 3547; x_wconf 90' lang='lat' dir='ltr'>amb0‚</span> <span class='ocrx_word' id='word_1_288' title='bbox 915 3476 953 3534; x_wconf 84' lang='lat' dir='ltr'>cf.</span> <span class='ocrx_word' id='word_1_289' title='bbox 974 3477 1082 3536; x_wconf 86' lang='lat' dir='ltr'>Klotaii</span> <span class='ocrx_word' id='word_1_290' title='bbox 1103 3476 1185 3536; x_wconf 86' lang='lat' dir='ltr'>lexic.</span> <span class='ocrx_word' id='word_1_291' title='bbox 1209 3475 1321 3552; x_wconf 83' lang='lat' dir='ltr'>Latin).</span> 
     </span>
    </p>

    <p class='ocr_par' dir='ltr' id='par_1_14' title="bbox 83 3579 1323 3862">
     <span class='ocr_line' id='line_1_31' title="bbox 160 3579 1323 3656; baseline -0.002 -16"><span class='ocrx_word' id='word_1_292' title='bbox 160 3582 329 3640; x_wconf 63' lang='lat' dir='ltr'>Detrectas</span> <span class='ocrx_word' id='word_1_293' title='bbox 351 3582 368 3638; x_wconf 92' lang='lat' dir='ltr'>i.</span> <span class='ocrx_word' id='word_1_294' title='bbox 392 3599 414 3639; x_wconf 88' lang='lat' dir='ltr'>s.</span> <span class='ocrx_word' id='word_1_295' title='bbox 437 3599 465 3656; x_wconf 92' lang='lat' dir='ltr'>q.</span> <span class='ocrx_word' id='word_1_296' title='bbox 488 3581 609 3654; x_wconf 75' lang='lat' dir='ltr'>negotiis</span> <span class='ocrx_word' id='word_1_297' title='bbox 631 3583 829 3652; x_wconf 74' lang='lat' dir='ltr'>occupatura,</span> <span class='ocrx_word' id='word_1_298' title='bbox 856 3594 915 3651; x_wconf 87' lang='lat'>114,</span> <span class='ocrx_word' id='word_1_299' title='bbox 940 3594 966 3637; x_wconf 91' lang='lat'>1:</span> <span class='ocrx_word' id='word_1_300' title='bbox 989 3587 1142 3654; x_wconf 90' lang='lat' dir='ltr'>tamquam</span> <span class='ocrx_word' id='word_1_301' title='bbox 1165 3579 1323 3639; x_wconf 88' lang='lat' dir='ltr'>distractis·</span> 
     </span>
     <span class='ocr_line' id='line_1_32' title="bbox 85 3677 1321 3758; baseline -0.002 -17"><span class='ocrx_word' id='word_1_302' title='bbox 85 3683 169 3742; x_wconf 88' lang='lat' dir='ltr'>simus</span> <span class='ocrx_word' id='word_1_303' title='bbox 189 3684 239 3742; x_wconf 89' lang='lat' dir='ltr'>ille</span> <span class='ocrx_word' id='word_1_304' title='bbox 261 3690 410 3741; x_wconf 89' lang='lat' dir='ltr'>tantorum</span> <span class='ocrx_word' id='word_1_305' title='bbox 432 3698 554 3758; x_wconf 87' lang='lat' dir='ltr'>operum</span> <span class='ocrx_word' id='word_1_306' title='bbox 576 3680 654 3738; x_wconf 90' lang='lat' dir='ltr'>mole</span> <span class='ocrx_word' id='word_1_307' title='bbox 672 3679 739 3737; x_wconf 91' lang='lat' dir='ltr'>huic</span> <span class='ocrx_word' id='word_1_308' title='bbox 756 3680 804 3737; x_wconf 92' lang='lat' dir='ltr'>uni</span> <span class='ocrx_word' id='word_1_309' title='bbox 822 3681 941 3755; x_wconf 86' lang='lat' dir='ltr'>negotio</span> <span class='ocrx_word' id='word_1_310' title='bbox 959 3686 1078 3740; x_wconf 89' lang='lat' dir='ltr'>vacaret</span> <span class='ocrx_word' id='word_1_311' title='bbox 1095 3681 1209 3739; x_wconf 91' lang='lat' dir='ltr'>animus</span> <span class='ocrx_word' id='word_1_312' title='bbox 1226 3677 1321 3755; x_wconf 78' lang='lat' dir='ltr'>(Lucr.</span> 
     </span>
     <span class='ocr_line' id='line_1_33' title="bbox 83 3781 1118 3862; baseline -0.005 -18"><span class='ocrx_word' id='word_1_313' title='bbox 83 3801 109 3857; x_wconf 83' lang='lat'>4,</span> <span class='ocrx_word' id='word_1_314' title='bbox 130 3785 181 3862; x_wconf 87' lang='grc'>691</span> <span class='ocrx_word' id='word_1_315' title='bbox 205 3787 254 3846; x_wconf 90' lang='lat' dir='ltr'>ed.</span> <span class='ocrx_word' id='word_1_316' title='bbox 275 3783 412 3844; x_wconf 85' lang='lat' dir='ltr'>Lachm:</span> <span class='ocrx_word' id='word_1_317' title='bbox 436 3791 465 3843; x_wconf 92' lang='lat' dir='ltr'>et</span> <span class='ocrx_word' id='word_1_318' title='bbox 487 3783 603 3842; x_wconf 90' lang='lat' dir='ltr'>divisior</span> <span class='ocrx_word' id='word_1_319' title='bbox 624 3784 698 3841; x_wconf 90' lang='lat' dir='ltr'>inter</span> <span class='ocrx_word' id='word_1_320' title='bbox 720 3801 751 3840; x_wconf 92' lang='lat' dir='ltr'>se</span> <span class='ocrx_word' id='word_1_321' title='bbox 774 3799 810 3840; x_wconf 91' lang='lat' dir='ltr'>ac</span> <span class='ocrx_word' id='word_1_322' title='bbox 831 3782 996 3842; x_wconf 88' lang='lat' dir='ltr'>distractior</span> <span class='ocrx_word' id='word_1_323' title='bbox 1017 3781 1118 3858; x_wconf 90' lang='lat' dir='ltr'>actus).</span> 
     </span>
    </p>

    <p class='ocr_par' dir='ltr' id='par_1_15' title="bbox 81 3883 1413 4681">
     <span class='ocr_line' id='line_1_34' title="bbox 163 3883 1320 3964; baseline -0.004 -16"><span class='ocrx_word' id='word_1_324' title='bbox 163 3887 307 3949; x_wconf 74' lang='lat' dir='ltr'>Genitalis</span> <span class='ocrx_word' id='word_1_325' title='bbox 329 3887 409 3964; x_wconf 91' lang='lat' dir='ltr'>apud</span> <span class='ocrx_word' id='word_1_326' title='bbox 430 3894 534 3962; x_wconf 89' lang='lat' dir='ltr'>poetas</span> <span class='ocrx_word' id='word_1_327' title='bbox 552 3885 715 3960; x_wconf 89' lang='lat' dir='ltr'>superiores</span> <span class='ocrx_word' id='word_1_328' title='bbox 733 3885 790 3942; x_wconf 90' lang='lat' dir='ltr'>vim</span> <span class='ocrx_word' id='word_1_329' title='bbox 809 3883 898 3942; x_wconf 92' lang='lat' dir='ltr'>habet</span> <span class='ocrx_word' id='word_1_330' title='bbox 915 3885 1065 3960; x_wconf 90' lang='lat' dir='ltr'>gignendi,</span> <span class='ocrx_word' id='word_1_331' title='bbox 1087 3892 1120 3942; x_wconf 92' lang='lat' dir='ltr'>ut</span> <span class='ocrx_word' id='word_1_332' title='bbox 1138 3884 1216 3960; x_wconf 92' lang='lat' dir='ltr'>apud</span> <span class='ocrx_word' id='word_1_333' title='bbox 1234 3884 1320 3943; x_wconf 88' lang='lat' dir='ltr'>Lucr.</span> 
     </span>
     <span class='ocr_line' id='line_1_35' title="bbox 82 3986 1321 4064; baseline -0.002 -18"><span class='ocrx_word' id='word_1_334' title='bbox 82 4005 108 4058; x_wconf 91' lang='grc'>2,</span> <span class='ocrx_word' id='word_1_335' title='bbox 129 3989 164 4048; x_wconf 89' lang='grc'>62</span> <span class='ocrx_word' id='word_1_336' title='bbox 186 3999 216 4049; x_wconf 88' lang='lat' dir='ltr'>et</span> <span class='ocrx_word' id='word_1_337' title='bbox 239 3987 295 4048; x_wconf 86' lang='lat' dir='ltr'>Ov.</span> <span class='ocrx_word' id='word_1_338' title='bbox 317 3997 386 4048; x_wconf 85' lang='lat' dir='ltr'>met.</span> <span class='ocrx_word' id='word_1_339' title='bbox 411 4003 459 4064; x_wconf 85' lang='lat'>15,</span> <span class='ocrx_word' id='word_1_340' title='bbox 482 4004 538 4064; x_wconf 80' lang='lat'>239</span> <span class='ocrx_word' id='word_1_341' title='bbox 559 3986 700 4063; x_wconf 83' lang='lat' dir='ltr'>genitalia</span> <span class='ocrx_word' id='word_1_342' title='bbox 722 4003 847 4061; x_wconf 83' lang='lat' dir='ltr'>corpora</span> <span class='ocrx_word' id='word_1_343' title='bbox 874 3996 942 4045; x_wconf 92' lang='lat' dir='ltr'>sunt</span> <span class='ocrx_word' id='word_1_344' title='bbox 967 3987 1125 4056; x_wconf 86' lang='lat' dir='ltr'>elementa,</span> <span class='ocrx_word' id='word_1_345' title='bbox 1152 4004 1188 4044; x_wconf 89' lang='lat' dir='ltr'>ex</span> <span class='ocrx_word' id='word_1_346' title='bbox 1216 3987 1321 4063; x_wconf 91' lang='lat' dir='ltr'>quibus</span> 
     </span>
     <span class='ocr_line' id='line_1_36' title="bbox 83 4087 1320 4167; baseline -0.002 -19"><span class='ocrx_word' id='word_1_347' title='bbox 83 4093 180 4150; x_wconf 88' lang='lat' dir='ltr'>omnia</span> <span class='ocrx_word' id='word_1_348' title='bbox 198 4091 360 4167; x_wconf 85' lang='lat' dir='ltr'>gignuntur</span> <span class='ocrx_word' id='word_1_349' title='bbox 382 4098 412 4149; x_wconf 89' lang='lat' dir='ltr'>et</span> <span class='ocrx_word' id='word_1_350' title='bbox 433 4090 512 4165; x_wconf 92' lang='lat' dir='ltr'>apud</span> <span class='ocrx_word' id='word_1_351' title='bbox 527 4091 617 4165; x_wconf 85' lang='lat' dir='ltr'>Verg.</span> <span class='ocrx_word' id='word_1_352' title='bbox 634 4105 737 4163; x_wconf 80' lang='lat' dir='ltr'>georg.</span> <span class='ocrx_word' id='word_1_353' title='bbox 760 4103 785 4156; x_wconf 89' lang='lat'>2,</span> <span class='ocrx_word' id='word_1_354' title='bbox 804 4103 859 4164; x_wconf 82' lang='lat'>324</span> <span class='ocrx_word' id='word_1_355' title='bbox 881 4087 1016 4145; x_wconf 89' lang='lat' dir='ltr'>dicuntur</span> <span class='ocrx_word' id='word_1_356' title='bbox 1038 4087 1176 4162; x_wconf 89' lang='lat' dir='ltr'>genitalia</span> <span class='ocrx_word' id='word_1_357' title='bbox 1198 4087 1320 4147; x_wconf 86' lang='lat' dir='ltr'>semina.</span> 
     </span>
     <span class='ocr_line' id='line_1_37' title="bbox 82 4189 1321 4269; baseline -0.002 -20"><span class='ocrx_word' id='word_1_358' title='bbox 82 4191 159 4252; x_wconf 85' lang='lat' dir='ltr'>luter</span> <span class='ocrx_word' id='word_1_359' title='bbox 177 4193 265 4253; x_wconf 90' lang='lat' dir='ltr'>solut.</span> <span class='ocrx_word' id='word_1_360' title='bbox 288 4200 362 4251; x_wconf 90' lang='lat' dir='ltr'>orat.</span> <span class='ocrx_word' id='word_1_361' title='bbox 385 4192 539 4268; x_wconf 89' lang='lat' dir='ltr'>scriptores</span> <span class='ocrx_word' id='word_1_362' title='bbox 561 4191 671 4267; x_wconf 90' lang='lat' dir='ltr'>primus</span> <span class='ocrx_word' id='word_1_363' title='bbox 692 4207 763 4248; x_wconf 90' lang='lat' dir='ltr'>usus</span> <span class='ocrx_word' id='word_1_364' title='bbox 785 4199 829 4248; x_wconf 94' lang='lat' dir='ltr'>est</span> <span class='ocrx_word' id='word_1_365' title='bbox 856 4189 913 4247; x_wconf 93' lang='lat' dir='ltr'>hoc</span> <span class='ocrx_word' id='word_1_366' title='bbox 939 4189 1082 4269; x_wconf 87' lang='lat' dir='ltr'>adjectivo</span> <span class='ocrx_word' id='word_1_367' title='bbox 1105 4189 1232 4267; x_wconf 85' lang='lat' dir='ltr'>Vellejus</span> <span class='ocrx_word' id='word_1_368' title='bbox 1255 4206 1321 4266; x_wconf 87' lang='lat' dir='ltr'>pro:</span> 
     </span>
     <span class='ocr_line' id='line_1_38' title="bbox 84 4291 1321 4373; baseline -0.001 -21"><span class='ocrx_word' id='word_1_369' title='bbox 84 4300 183 4357; x_wconf 76' lang='lat' dir='ltr'>natalis</span> <span class='ocrx_word' id='word_1_370' title='bbox 205 4315 230 4370; x_wconf 89' lang='lat'>2,</span> <span class='ocrx_word' id='word_1_371' title='bbox 254 4311 279 4373; x_wconf 86' lang='lat'>7,</span> <span class='ocrx_word' id='word_1_372' title='bbox 303 4310 333 4372; x_wconf 87' lang='lat'>7:</span> <span class='ocrx_word' id='word_1_373' title='bbox 355 4314 423 4362; x_wconf 87' lang='lat' dir='ltr'>cum</span> <span class='ocrx_word' id='word_1_374' title='bbox 445 4292 574 4354; x_wconf 84' lang='lat' dir='ltr'>viderent</span> <span class='ocrx_word' id='word_1_375' title='bbox 595 4302 677 4355; x_wconf 91' lang='lat' dir='ltr'>tanto</span> <span class='ocrx_word' id='word_1_376' title='bbox 699 4295 891 4370; x_wconf 85' lang='lat' dir='ltr'>potentiorem</span> <span class='ocrx_word' id='word_1_377' title='bbox 913 4293 994 4368; x_wconf 89' lang='lat' dir='ltr'>Tyro</span> <span class='ocrx_word' id='word_1_378' title='bbox 1017 4291 1240 4366; x_wconf 87' lang='lat' dir='ltr'>Carthaginem,</span> <span class='ocrx_word' id='word_1_379' title='bbox 1264 4292 1321 4369; x_wconf 91' lang='lat' dir='ltr'>Cy·</span> 
     </span>
     <span class='ocr_line' id='line_1_39' title="bbox 82 4390 1413 4476; baseline -0.005 -20"><span class='ocrx_word' id='word_1_380' title='bbox 82 4399 170 4458; x_wconf 79' lang='lat' dir='ltr'>uicum</span> <span class='ocrx_word' id='word_1_381' title='bbox 191 4418 228 4459; x_wconf 92' lang='lat' dir='ltr'>ac</span> <span class='ocrx_word' id='word_1_382' title='bbox 245 4399 419 4476; x_wconf 88' lang='lat' dir='ltr'>Byzantium</span> <span class='ocrx_word' id='word_1_383' title='bbox 437 4397 539 4456; x_wconf 91' lang='lat' dir='ltr'>Mileto</span> <span class='ocrx_word' id='word_1_384' title='bbox 561 4395 683 4471; x_wconf 89' lang='lat' dir='ltr'>genitali</span> <span class='ocrx_word' id='word_1_385' title='bbox 705 4395 769 4455; x_wconf 92' lang='lat' dir='ltr'>solo</span> <span class='ocrx_word' id='word_1_386' title='bbox 790 4393 998 4469; x_wconf 89' lang='lat' dir='ltr'>(,Mutterland‚</span> <span class='ocrx_word' id='word_1_387' title='bbox 1017 4390 1214 4470; x_wconf 88' lang='lat' dir='ltr'>Vaterstadt‘).</span> <span class='ocrx_word' id='word_1_388' title='bbox 1246 4394 1320 4452; x_wconf 84' lang='lat' dir='ltr'>ltem</span> <span class='ocrx_word' id='word_1_389' title='bbox 1410 4443 1413 4450; x_wconf 91' lang='lat'>.</span> 
     </span>
     <span class='ocr_line' id='line_1_40' title="bbox 81 4494 1318 4574; baseline -0.006 -15"><span class='ocrx_word' id='word_1_390' title='bbox 81 4501 204 4574; x_wconf 84' lang='lat' dir='ltr'>genitale</span> <span class='ocrx_word' id='word_1_391' title='bbox 230 4503 326 4561; x_wconf 89' lang='lat' dir='ltr'>solum</span> <span class='ocrx_word' id='word_1_392' title='bbox 352 4501 511 4559; x_wconf 89' lang='lat' dir='ltr'>invenitur:</span> <span class='ocrx_word' id='word_1_393' title='bbox 542 4500 639 4558; x_wconf 88' lang='lat' dir='ltr'>Amm.</span> <span class='ocrx_word' id='word_1_394' title='bbox 667 4497 761 4556; x_wconf 91' lang='lat' dir='ltr'>Marc.</span> <span class='ocrx_word' id='word_1_395' title='bbox 786 4511 825 4572; x_wconf 92' lang='grc'>17,</span> <span class='ocrx_word' id='word_1_396' title='bbox 851 4513 893 4566; x_wconf 90' lang='grc'>12,</span> <span class='ocrx_word' id='word_1_397' title='bbox 915 4513 960 4566; x_wconf 89' lang='grc'>21;</span> <span class='ocrx_word' id='word_1_398' title='bbox 988 4494 1120 4555; x_wconf 87' lang='lat' dir='ltr'>Cassiod.</span> <span class='ocrx_word' id='word_1_399' title='bbox 1144 4514 1204 4554; x_wconf 90' lang='lat' dir='ltr'>var.</span> <span class='ocrx_word' id='word_1_400' title='bbox 1223 4513 1259 4566; x_wconf 69' lang='lat'>⁴1,</span> <span class='ocrx_word' id='word_1_401' title='bbox 1282 4510 1318 4567; x_wconf 86' lang='lat'>42</span> 
     </span>
     <span class='ocr_line' id='line_1_41' title="bbox 81 4591 1319 4681; baseline -0.005 -21"><span class='ocrx_word' id='word_1_402' title='bbox 81 4611 107 4661; x_wconf 89' lang='lat' dir='ltr'>et</span> <span class='ocrx_word' id='word_1_403' title='bbox 130 4619 180 4679; x_wconf 84' lang='lat'>43;</span> <span class='ocrx_word' id='word_1_404' title='bbox 209 4604 327 4681; x_wconf 89' lang='lat' dir='ltr'>Vopisc.</span> <span class='ocrx_word' id='word_1_405' title='bbox 349 4602 420 4661; x_wconf 81' lang='lat' dir='ltr'>Aur.</span> <span class='ocrx_word' id='word_1_406' title='bbox 447 4618 477 4676; x_wconf 83' lang='lat'>3,</span> <span class='ocrx_word' id='word_1_407' title='bbox 500 4617 524 4658; x_wconf 89' lang='lat'>2.</span> <span class='ocrx_word' id='word_1_408' title='bbox 570 4599 704 4659; x_wconf 87' lang='lat' dir='ltr'>Similiter</span> <span class='ocrx_word' id='word_1_409' title='bbox 731 4591 834 4658; x_wconf 77' lang='lat' dir='ltr'>dicitur</span> <span class='ocrx_word' id='word_1_410' title='bbox 861 4598 996 4673; x_wconf 89' lang='lat' dir='ltr'>genitalis</span> <span class='ocrx_word' id='word_1_411' title='bbox 1023 4598 1107 4656; x_wconf 89' lang='lat' dir='ltr'>sedes</span> <span class='ocrx_word' id='word_1_412' title='bbox 1130 4614 1197 4673; x_wconf 90' lang='lat' dir='ltr'>pro:</span> <span class='ocrx_word' id='word_1_413' title='bbox 1225 4597 1319 4673; x_wconf 86' lang='lat' dir='ltr'>patria</span> 
     </span>
    </p>
   </div>
   <div class='ocr_carea' id='block_1_7' title="bbox 0 0 1678 5454">
    <p class='ocr_par' dir='ltr' id='par_1_16' title="bbox 0 0 1678 5454">
     <span class='ocr_line' id='line_1_42' title="bbox 0 0 1678 5454; baseline 0 0"><span class='ocrx_word' id='word_1_414' title='bbox 0 0 1678 5454; x_wconf 95' lang='lat' dir='ltr'> </span> 
     </span>
    </p>
   </div>
  </div>
 </body>
</html>
