3346 5454
873 413 1202 468 -20—‹,

442 592 517 651 Pace
543 588 613 665 alcjs
640 586 761 646 dixerim
787 582 834 661 (ci.
855 585 980 659 Zumptii
1002 582 1136 642 Gramm.
1159 581 1225 641 Lat.
1248 578 1268 657 ξ
1290 578 1362 657 527),
1391 599 1467 658 quae
1492 581 1615 642 locutio

357 694 472 774 Vellejo
493 693 522 752 in
540 690 647 750 deliciis
669 696 721 758 est,
744 685 782 744 cl.
806 703 827 755 1,
851 700 876 760 7.
899 701 931 766 43
955 701 977 757 1,
1001 697 1040 759 17,
1064 699 1095 758 3;
1118 701 1143 755 2,
1168 700 1227 759 129,
1251 700 1279 758 3.

442 795 563 854 Penates
584 790 779 866 metonymice
801 787 903 846 dicitur
926 805 979 863 pro
1001 786 1116 845 aede'bus
1132 801 1157 857 2,
1181 801 1226 861 74,
1248 801 1281 860 4:
1304 786 1434 863 subjecto
1456 785 1545 844 rebus
1571 803 1615 844 ac

358 898 513 976 penatibus
535 894 605 969 igni.
650 891 695 952 ct.
718 889 778 949 Cic.
801 907 854 966 pro
876 889 963 948 Rosc.
986 889 1085 948 Aruer.
1108 887 1134 959 8,
1157 904 1205 962 233
1224 888 1294 958 Liv.,
1313 887 1402 958 Curt,
1421 886 1495 946 Tac.

444 999 499 1057 Ex
516 1007 641 1072 persona
665 1011 691 1063 1,
713 1009 744 1069 3,
767 1007 782 1050 2
805 1000 834 1050 et
856 1008 885 1066 33
909 990 969 1050 Cic.
992 989 1029 1050 de
1051 991 1107 1050 inv.
1131 1008 1158 1062 1,
1180 1007 1227 1067 52,
1250 1007 1302 1068 993
1330 989 1406 1050 Gell.
1431 1006 1550 1060 10,=22,
1580 1006 1611 1060 1;

359 1101 443 1161 Lact.
470 1099 538 1175 epit.
567 1096 618 1171 48,
645 1109 660 1170 7
684 1126 724 1139 -
751 1095 802 1152 sub
827 1105 953 1170 persono
977 1110 1002 1164 1,
1026 1110 1055 1168 3,
1079 1107 1107 1162 2;
1139 1093 1216 1152 Suet.
1246 1093 1335 1153 Dom.
1368 1109 1417 1177 1ο;
1450 1092 1528 1153 Gell.
1558 1108 1610 1162 10,

358 1218 405 1272 22,
428 1217 477 1275 24;
503 1216 546 1274 13,
569 1215 603 1273 23
626 1195 684 1273 (22),
709 1213 745 1254 11.
786 1195 830 1255 Ct.
854 1194 1110 1272 Krebs·Allgayer,
1134 1195 1283 1254 Antibarb.
1306 1195 1351 1255 ed.
1375 1195 1412 1253 V.
1435 1214 1464 1271 p.
1487 1193 1551 1270 855.

444 1302 557 1361 Plastes
578 1318 646 1360 eum
668 1299 824 1374 significat,
846 1298 896 1374 qui
923 1314 993 1356 vasa
1014 1297 1059 1355 vel
1082 1305 1195 1356 statuas
1217 1297 1311 1355 aliave
1333 1313 1422 1394 opera
1445 1315 1482 1355 ex
1499 1296 1614 1371 argilla

358 1414 402 1465 et.
409 1423 503 1482 gypso
525 1404 608 1478 fingit
631 1419 652 1470 1,
677 1415 716 1476 17,
739 1399 849 1475 411101
871 1397 948 1457 idem
971 1398 1101 1458 evenisse
1122 1399 1330 1473 grammaticis,
1353 1399 1463 1476 plastis,
1486 1399 1611 1475 pictori·

359 1509 422 1577 bus,
444 1504 636 1581 scalptoribus
658 1497 739 1577 (Vitr.
764 1518 785 1571 1,
810 1519 831 1569 1,
856 1516 901 1575 13;
925 1498 996 1558 Plin.
1020 1500 1098 1576 maj,
1122 1495 1250 1577 postea).

443 1607 581 1666 Recessus
602 1603 705 1681 plurali
732 1621 802 1662 casu
824 1618 910 1661 sensu
932 1608 1069 1660 concreto
1095 1619 1148 1678 pro
1170 1604 1227 1660 loco
1253 1608 1368 1672 remoto,
1391 1603 1501 1661 latebra
1523 1602 1614 1678 poni·

359 1719 406 1769 tur
427 1726 456 1780 2,
480 1723 527 1782 32,
550 1723 582 1780 4:
611 1704 755 1780 descripto
777 1705 806 1763 in
829 1704 923 1762 omnis
950 1720 1082 1762 recessus
1105 1705 1193 1763 maris
1219 1699 1364 1780 praesidio
1386 1701 1451 1780 (Ov.
1474 1707 1595 1780 saepius
1602 1723 1611 1776 ;

359 1809 424 1872 Liv.
447 1811 495 1886 38,
518 1824 568 1885 45,
591 1803 630 1886 9).
665 1805 825 1881 Singularis
846 1823 985 1864 numerus
1001 1805 1091 1884 'hujus
1112 1807 1190 1865 vocis
1212 1812 1307 1865 exstat
1328 1806 1407 1883 apud
1431 1805 1610 1868 Ciceronem

359 1911 408 1993 (ad
430 1915 489 1974 Att.
513 1928 552 1983 12,
574 1908 610 1969 26
634 1906 653 1985 ἓ
675 1923 700 1978 2,
723 1908 836 1983 corrige
857 1901 1026 1984 Klotzium),
1047 1906 1169 1972 Livium,
1194 1909 1275 1967 alios.
1357 1965 1359 1970 .

444 2016 585 2092 Regimen
607 2020 680 2071 teste
702 2011 791 2069 Festo
812 2029 841 2086 p.
863 2009 916 2085 278
937 2008 982 2084 (ὁ),
1010 2027 1027 2084 3
1050 2009 1096 2068 ed.
1123 2008 1248 2069 Mueller
1268 2027 1322 2086 pro
1343 2012 1497 2085 regimenta
1519 2029 1609 2069 usur·

359 2127 445 2196 patus
466 2137 486 2176 a
507 2117 609 2194 poetis.
654 2111 800 2172 Concreto
826 2129 914 2170 sensu
936 2110 1026 2169 semel
1049 2111 1128 2187 apud
1151 2109 1288 2169 Ovidium
1309 2109 1387 2186 (met
1411 2127 1440 2185 3,
1463 2107 1528 2186 593)
1552 2129 1610 2187 pro

355 2220 550 2296 gubernaculo
573 2218 654 2276 navis
676 2223 781 2275 exstat.
826 2215 943 2274 Solutae
965 2215 1104 2273 orationis
1124 2215 1301 2290 ,scriptorum
1322 2213 1432 2290 primus
1453 2213 1611 2288 usurpavit

246 2313 250 2320 ’
358 2324 485 2398 regimen
507 2319 605 2378 Livius
626 2315 662 2394 (3,
684 2335 730 2393 33,
752 2332 782 2392 7;
805 2333 833 2390 4,
856 2333 898 2391 31,
922 2315 955 2392 5),
979 2316 1083 2374 deinde
1101 2315 1230 2393 Vellejus
1252 2318 1277 2387 2’,
1301 2315 1345 2392 85,
1367 2332 1397 2374 2;
1419 2313 1520 2374 classis
1544 2317 1612 2373 An·

358 2424 420 2481 toni
441 2422 573 2496 regimen
596 2419 763 2478 Publicolae
780 2417 921 2494 Sosioque
944 2417 1132 2476 commissum
1152 2415 1230 2494 (Val.
1248 2416 1339 2488 Max„
1361 2417 1444 2488 Tac,
1464 2416 1500 2475 ci.
1518 2416 1613 2476 Boet-

358 2523 427 2583 tich.
450 2523 533 2582 le'xic
555 2541 583 2598 p.
607 2516 685 2598 405).

443 2624 591 2685 Romanae
617 2623 685 2682 iem.
708 2623 781 2698 plur.
805 2623 895 2682 subst.
919 2622 1047 2693 Vella,
1071 2635 1116 2698 75,
1142 2639 1158 2697 3
1166 2639 1173 2691 ;
1201 2623 1306 2700 singul.
1333 2622 1427 2682 forma
1449 2623 1613 2694 ‚Romana‘

296 2755 305 2760 ·’
360 2728 420 2788 Liv.
445 2746 466 2797 1,
489 2726 534 2797 26,
557 2744 585 2800 4.
1482 2735 1486 2744 ‘
1671 2709 1672 2714 ἵ

444 2829 647 2890 Rude'enentum
665 2827 791 2904 primum
809 2827 982 2902 principium
1005 2826 1156 2904 cujuslibet
1174 2827 1244 2885 artis
1262 2826 1307 2885 vel
1326 2826 1496 2904 disciplinae
1518 2829 1613 2903 signi·

359 2932 427 2989 licat
449 2945 473 2998 2,
498 2945 557 3010 129,
580 2945 609 2987 2:
637 2926 850 2986 Germanicum
872 2927 1017 2986 imbutum
1039 2913 1215 2987 rudimentis
1231 2928 1351 2988 militiae
1373 2929 1482 3004 recepit
1502 2929 1610 3004 (Poet,

359 3032 429 3102 Ltv,
453 3029 578 3107 postes).

447 3132 623 3208 Simplicitas
649 3132 856 3208 praeeuntibus
883 3117 989 3190 Ovidio
1016 3141 1045 3189 et
1066 3131 1149 3189 Livio
1175 3149 1230 3189 vox
1256 3131 1443 3190 usitatissima
1469 3142 1512 3192 est
1538 3134 1614 3194 inde

364 3255 383 3294 a
406 3235 520 3312 Vellejo
546 3231 688 3295 translata
711 3225 922 3308 significatione
944 3250 998 3308 pro
1020 3233 1172 3308 probitate,
1200 3236 1315 3292 veritate
1337 3235 1431 3309 posita
1453 3248 1481 3304 2,
1506 3249 1553 3304 10,
1581 3254 1613 3294 2:

361 3338 563 3396 nobilissimae
581 3335 785 3410 simplicitatis;
808 3348 838 3404 2,
861 3349 915 3409 43,
938 3350 971 3407 a:
994 3333 1123 3392 humana
1145 3334 1325 3410 simplicitas;
1348 3351 1377 3406 2,
1401 3348 1447 3410 72,
1470 3352 1501 3410 3:
1525 3338 1614 3396 nobi·

361 3438 488 3497 lissimae
511 3437 715 3512 simplicitatis;
743 3450 771 3506 2,
802 3452 862 3512 125,
886 3452 915 3512 5;
944 3435 1132 3512 simplicitatis
1158 3437 1401 3511 generosissimae
1426 3434 1503 3512 (Val.
1526 3438 1633 3512 Max„

360 3555 385 3608 2,
409 3554 434 3614 5,
457 3554 486 3614 5;
510 3535 635 3614 poster).

452 3639 708 3715 Temperamentum
730 3659 784 3716 pro
806 3642 1001 3715 temperatione
1023 3641 1101 3716 apud
1120 3641 1245 3717 optimos
1268 3644 1421 3719 scriptores
1442 3643 1535 3702 rarius
1557 3663 1614 3720 po·

362 3743 439 3800 nitur
460 3739 505 3816 (cl.
529 3741 589 3800 Cic.
611 3741 648 3799 de
673 3742 751 3816 legg.
775 3759 802 3817 3,
828 3757 871 3809 10,
894 3741 947 3817 24),
971 3761 989 3800 a
1010 3743 1223 3824 posterioribus
1241 3744 1447 3821 frequentatur.
1484 3746 1561 3804 Vell.
1585 3763 1614 3816 2,

364 3859 431 3918 130,
456 3861 482 3903 1:
514 3860 604 3920 quam
630 3843 787 3918 magnifico
810 3843 899 3900 animi
925 3852 1159 3920 temperamento
1181 3845 1312 3924 Pompeji
1329 3849 1461 3905 'munera
1487 3849 1616 3907 instituit

362 3944 444 4020 (Col,
467 3947 539 4006 Plin.
562 3948 639 4024 maj,
662 3947 746 4015 Tac,
768 3941 862 4022 Just).
1531 3943 1534 3948 ’

453 4050 609 4125 Tempestas
634 4056 787 4125 poetarum
815 4066 896 4106 more
917 4065 970 4123 pro
997 4055 1128 4123 tempore,
1156 4056 1187 4106 ut
1215 4051 1384 4126 saepissime
1410 4050 1488 4126 apud
1515 4051 1613 4110 Sallu-

364 4152 451 4211 stium
474 4159 504 4210 et
525 4152 648 4221 Livium,
671 4159 765 4210 exstat
789 4167 811 4220 1,
833 4165 859 4220 2,
882 4165 912 4224 3;
943 4167 964 4219 1,
987 4148 1012 4220 8,
1037 4149 1068 4221 6;
1091 4167 1116 4219 2,
1139 4151 1186 4226 78,
1209 4168 1234 4226 3.
1274 4152 1613 4230 cf.Krebs·A11gayer,

366 4252 519 4311 Antibarb.
542 4253 587 4311 ed.
611 4253 648 4310 V.
666 4272 694 4329 p.
718 4268 792 4328 1129.

453 4354 565 4412 Te'tnlns
587 4354 724 4414 translate
746 4371 799 4429 pro
815 4358 980 4428 praetextu,
1002 4357 1088 4429 specie
1110 4363 1265 4431 usurpatur
1282 4372 1307 4425 2,
1325 4371 1371 4432 45,
1394 4373 1426 4431 4:
1448 4357 1504 4416 sub
1526 4359 1615 4417 titulo

364 4457 504 4516 ministeri
529 4453 571 4514 M.
595 4455 740 4515 Catonem
762 4474 780 4513 a
802 4456 951 4531 republica
978 4457 1118 4531 relegavit
1140 4455 1220 4535 (On,
1244 4460 1343 4534 Verg,
1366 4460 1426 4518 Liv.
1448 4475 1479 4533 3,
1499 4458 1549 4534 67,
1576 4459 1613 4538 9).

453 4559 541 4629 Ultio,
573 4575 631 4636 qua
662 4575 733 4616 voce
759 4558 856 4618 Livius
885 4559 995 4633 primus
1021 4560 1133 4619 videtur
1159 4579 1228 4620 usus
1254 4575 1332 4631 esse,
1358 4579 1376 4619 a
1402 4563 1614 4636 posterioribus
