3346 5454
589 426 796 485 ..„-

152 595 272 655 Morari
290 613 343 672 per
360 597 582 656 translationem
600 591 631 655 in
649 596 844 655 locutionibus
862 575 922 655 nori
940 595 1026 655 nullis
1043 605 1199 672 usurpatur
1216 605 1319 656 contra

67 689 312 758 consuetudinem
339 698 517 773 optimorum
539 698 711 774 scriptorum
733 713 800 773 pro:
831 700 862 767 r'm
884 699 1037 756 narranda
1058 699 1126 773 alqa
1148 719 1180 756 rc
1205 701 1322 758 vorari

66 817 90 865 1,
113 813 139 873 7,
158 815 188 858 2:
211 798 282 858 dum
303 800 334 857 in
352 799 477 858 externis
494 816 593 858 moror
610 797 638 876 (i.
656 798 771 857 edum
793 799 822 857 in
845 799 998 858 narrandis
1020 799 1116 869 rebus,
1138 817 1214 876 quae
1236 808 1319 858 extra

64 901 185 960 Italiam
208 899 306 960 iactae
327 909 407 970 sunt,
430 899 540 976 versor)
561 910 590 959 et
611 916 637 970 2,
659 917 704 975 41,
728 917 755 959 1:
777 900 828 977 qui
848 898 1028 976 (consulatus
1050 897 1193 977 Caesaris)
1214 920 1318 978 quam·

64 1003 138 1060 libet
159 1001 347 1061 festinantem
368 1003 399 1061 iu
421 1020 453 1062 se
474 1003 583 1061 morari
604 1003 694 1078 cogit.
736 1001 852 1061 Deinde
874 1007 986 1062 morari
1012 1001 1115 1062 dicitur
1137 1003 1174 1062 de
1196 1021 1246 1073 eo,
1269 1003 1318 1079 qui
1378 1035 1380 1040 .

63 1122 119 1179 per
141 1103 264 1179 longum
281 1117 398 1180 tempus
419 1122 525 1163 munus
546 1103 697 1180 quoddam
712 1104 852 1182 obtinere
874 1103 1003 1180 cupita,
1028 1121 1069 1175 11,
1092 1120 1122 1163 21
1149 1105 1318 1165 criminatus

63 1204 180 1264 Metelli
200 1204 336 1264 morandi
356 1206 387 1264 in
409 1206 537 1282 imperiis
558 1205 760 1282 cupiditatem.

153 1305 305 1383 Perpolire
331 1307 449 1384 propria
474 1307 686 1383 significatione
713 1316 808 1368 exstat
835 1325 864 1378 2,
887 1323 932 1378 22,
956 1325 988 1382 4:
1022 1307 1165 1368 conclusit
1190 1326 1222 1367 se
1252 1308 1318 1368 loco

63 1427 162 1484 nuper
184 1409 265 1468 calce
283 1426 432 1487 arenaque
450 1409 766 1486 perpolito—Cicero
783 1409 840 1470 hoc
852 1411 942 1469 verbo
958 1427 1018 1468 non
1036 1409 1133 1480 utitur,
1151 1409 1207 1470 nisi
1224 1417 1319 1470 trans·

63 1510 129 1568 lata
152 1509 376 1586 significatione;
399 1495 652 1580 Ruhnkeuius,·ut
673 1510 795 1588 simplex
813 1512 934 1570 verbum
956 1512 1047 1588 polire
1065 1510 1251 1571 scribendum
1273 1511 1318 1581 sit,

66 1613 231 1689 proposuit

154 1712 356 1774 Praescribere
372 1732 427 1792 pro
448 1733 494 1785 en,
516 1714 597 1792 quod
617 1725 662 1776 est
686 1718 905 1791 supradicere,
931 1735 1088 1776 memorare
1108 1733 1137 1782 2,
1161 1732 1208 1789 41,
1233 1733 1261 1774 11
1287 1723 1319 1775 ut

63 1815 316 1892 praescripsimus.
351 1815 527 1876 Ruhnkenio
549 1817 676 1893 primum
699 1817 875 1876 observante
896 1826 947 1877 aut
968 1837 1005 1876 ex
1028 1817 1181 1895 Vellejana
1203 1815 1320 1876 dicendi

64 1918 281 1977 consuetudine
303 1925 345 1990 ,ut
366 1918 572 1995 praediximus‘
594 1918 779 1978 scribendum
801 1937 866 1979 esse
888 1929 940 1978 aut
961 1920 1051 1980 verba
1072 1918 1193 1976 omnino
1215 1917 1319 1976 tollen·

65 2017 103 2076 da
127 2018 201 2076 mihi
222 2021 362 2095 persuasi.
406 2021 556 2080 Invenitur
578 2021 656 2096 apud
679 2020 838 2098 Vellejum:
865 2029 898 2080 ut
919 2019 1116 2097 praediximus
1140 2036 1166 2089 1,
1188 2035 1221 2092 4,
1246 2033 1272 2087 13
1296 2034 1319 2088 1,

66 2135 110 2189 12,
139 2134 165 2188 1;
192 2137 218 2190 1,
243 2137 287 2197 15,
310 2136 343 2194 4;
366 2136 396 2190 2,
421 2137 464 2191 12,
487 2137 514 2190 2;
539 2139 613 2198 quas
635 2122 831 2199 praediximus
853 2138 883 2193 2,
908 2138 934 2192 1,
956 2137 987 2192 23
1010 2139 1099 2198 quem
1120 2120 1319 2198 praediximus

65 2237 92 2290 2,
120 2237 165 2290 11,
190 2237 215 2290 1;
237 2221 275 2281 de
296 2239 356 2299 quo
377 2223 573 2298 praediximus
594 2239 624 2294 2,
649 2240 696 2300 15,
718 2239 749 2299 5;
778 2223 815 2283 de
836 2225 920 2302 cujus
942 2224 1097 2284 consulatu
1119 2221 1318 2300 praediximus

65 2337 89 2391 2,
115 2337 185 2395 104,
207 2339 237 2394 23
259 2342 333 2400 quos
355 2324 554 2402 praediximus
575 2341 601 2395 2,
626 2325 688 2395 108,
711 2341 737 2384 2.

142 2417 302 2504 ¹Proserre
322 2427 341 2484 ‘1
364 2445 387 2486 s.
409 2444 438 2502 q.
459 2445 641 2498 commonere,
668 2429 809 2502 impellere
830 2443 860 2498 2,
881 2427 943 2498 128,
967 2444 999 2501 4:
1032 2427 1071 2486 ad
1094 2426 1225 2504 iuvanda
1250 2442 1319 2484 vero

66 2545 159 2602 opera
180 2528 318 2604 principis
337 2527 477 2607 Sejanum
499 2528 626 2604 protulit.
662 2528 707 2588 Cs.
730 2527 841 2588 Lucan.
864 2543 889 2600 2,
912 2546 984 2606 493:
1007 2536 1040 2588 ut
1061 2527 1212 2604 conspicit,
1231 2543 1318 2584 amne

65 2629 174 2698 soluto,
196 2631 292 2706 rumpi
315 2627 425 2690 Caesar
446 2632 500 2690 iter
522 2631 618 2690 calida
639 2632 770 2708 prolatus
792 2632 831 2690 ab
853 2632 905 2690 ira.

154 2731 309 2790 Publicare
330 2732 409 2809 apud
430 2742 542 2794 veteres
564 2733 719 2810 scriptores
740 2734 854 2793 solutae
876 2733 1016 2793 orationis
1037 2731 1165 2792 eandem
1186 2732 1245 2789 vim
1266 2730 1319 2788 ba-

66 2833 123 2901 bet,
150 2850 241 2910 quam
263 2833 293 2892 in
314 2835 493 2912 reipublicae
515 2835 656 2896 ditionem
677 2843 913 2912 potestatemque
934 2835 1077 2910 redigere,
1105 2834 1243 2910 praeconi
1265 2850 1319 2908 pu·

66 2935 144 2992 blico
174 2935 330 3012 subjicere,
363 2936 443 3013 apud
470 2937 616 3016 Vellejum
642 2938 787 3014 significat
813 2938 893 3014 qnod
918 2939 1063 3015 privatum
1089 2945 1145 3008 est,
1176 2936 1207 2994 in
1234 2951 1319 2993 usum

67 3035 220 3111 publicum
242 3045 413 3097 convertere
434 3055 460 3108 2,
480 3057 538 3114 114,
556 3057 586 3099 21
608 3041 713 3101 lectica
730 3043 792 3119 ejus
809 3041 959 3118 publicata
980 3048 1026 3099 est
1048 3033 1081 3116 [i.
1101 3058 1127 3099 e.
1145 3038 1253 3115 publici
1272 3038 1320 3114 ju·

68 3139 108 3196 ris
136 3131 230 3216 facta]
252 3138 356 3212 (Plaut.
382 3140 489 3200 Bacch.
512 3158 545 3216 4,
572 3142 604 3214 8,
631 3159 665 3202 22
686 3139 773 3220 (863):
800 3161 906 3220 corpus
929 3161 1015 3202 suum
1041 3141 1130 3217 volgo
1156 3140 1318 3217 publicare3

69 3239 145 3298 Tac
168 3237 271 3300 Germ.
294 3258 342 3317 19:
368 3243 448 3320 publ.
475 3245 658 3321 pudicitiam3
684 3246 758 3305 Plin.
784 3247 813 3305 h.
839 3265 869 3305 n.
896 3259 926 3319 7,
948 3261 988 3320 50
1011 3240 1076 3322 (31),
1107 3259 1153 3319 115
1180 3251 1210 3302 et
1238 3241 1318 3300 Suet.

68 3339 156 3400 Caes.
178 3357 233 3416 44:
256 3342 464 3404 bibliothecam
485 3346 652 3423 publicare).
817 3345 821 3353 '
1352 3355 1354 3359 ’

153 3442 309 3520 Protegere
330 3445 435 3505 eadem
451 3448 664 3522 significatione
690 3449 795 3508 dicitur
819 3466 872 3524 per
893 3448 1124 3518 translationem,
1147 3464 1207 3523 qua
1228 3446 1320 3502 celare

66 3559 90 3614 2,
110 3561 179 3614 100,
197 3561 228 3622 5:
251 3545 405 3618 Quinctius
423 3547 574 3626 Crispinus
596 3549 776 3626 singularem
797 3550 957 3626 nequitiam
980 3549 1135 3627 supercilio
1156 3547 1230 3608 truci
1252 3563 1319 3622 pro·

65 3657 180 3722 tegens.
225 3647 271 3708 Cf.
294 3647 396 3721 Quint.
419 3650 494 3710 decl.
517 3650 544 3721 8,
568 3669 595 3710 11
618 3651 762 3728 parricidii
784 3653 999 3711 immanitatem
1016 3660 1097 3711 metu
1118 3651 1231 3729 m'ajore
1252 3665 1320 3725 pro·

65 3757 181 3825 tegere;
204 3750 279 3828 Just
302 3751 347 3827 38,
372 3769 394 3824 1,
419 3769 467 3812 10:
490 3756 550 3813 risu
571 3755 708 3831 protectis
729 3755 847 3815 insidiis

151 3852 318 3912 Recurrere
339 3856 481 3916 translate
498 3857 616 3932 ponitur
637 3875 691 3934 pro
708 3861 870 3916 memoriam
894 3857 968 3936 alcjs
989 3859 1036 3916 rei
1054 3863 1176 3931 repetere
1197 3869 1223 3924 2,
1241 3869 1269 3927 4,
1289 3865 1317 3926 7:

66 3954 102 4013 de
124 3974 187 4033 quo
209 3956 233 4015 si
255 3957 320 4034 quis
341 3958 481 4033 ambiget,
504 3966 635 4018 recurrat
656 3959 695 4019 ad
716 3960 844 4036 priorem
865 3959 1051 4019 consulatum
1073 3958 1145 4035 ejus.
1180 3952 1225 4015 Cf.
1244 3952 1317 4012 Plin.

64 4075 136 4132 pan.
160 4056 210 4128 88,
236 4073 286 4116 101
311 4058 387 4119 haec
408 4061 510 4136 optimi
532 4061 692 4137 appellatio
713 4080 877 4139 numquam
898 4061 1059 4120 memoriae
1080 4058 1234 4118 hominnm
1256 4055 1319 4116 sine

63 4167 92 4216 te
114 4167 256 4220 recurret.

150 4259 335 4340 Resragari,
358 4263 438 4339 quod
460 4264 576 4340 proprie
598 4263 743 4341 significat
760 4265 886 4335 obstare,
909 4263 1057 4324 adversari
1074 4262 1218 4322 invenitur
1239 4258 1318 4337 apud

65 4362 213 4440 Vellejum
235 4371 378 4442 sequente
399 4385 433 4422 ne
454 4380 485 4436 2,
506 4382 561 4439 40,
583 4381 613 4442 5:
641 4384 709 4425 cum
736 4367 770 4426 iis
796 4385 865 4443 pars
891 4366 1075 4443 optimatium
1102 4344 1326 4442 refragabatur,⁸

64 4482 100 4522 ne
122 4466 272 4540 promissa
292 4468 456 4526 civitatibus
478 4469 517 4527 ad
540 4468 660 4527 arbitria
681 4468 743 4545 ejus
761 4469 1002 4545 persolverentur.
1046 4468 1207 4528 Translata
1229 4465 1317 4541 signi·

62 4567 203 4626 ficatione
224 4569 281 4629 boc
303 4569 423 4629 verbum
447 4579 542 4630 exstat
563 4569 643 4647 apud
665 4568 738 4629 Plin.
760 4571 789 4628 h.
812 4590 840 4630 n.
865 4588 907 4647 19,
930 4585 947 4645 7
967 4568 1032 4648 (38),
1056 4585 1113 4648 127.
