<?xml version="1.0" encoding="UTF-8"?>
<!DOCTYPE html PUBLIC "-//W3C//DTD XHTML 1.0 Transitional//EN"
    "http://www.w3.org/TR/xhtml1/DTD/xhtml1-transitional.dtd">
<html xmlns="http://www.w3.org/1999/xhtml" xml:lang="en" lang="en">
 <head>
  <title>
</title>
<meta http-equiv="Content-Type" content="text/html;charset=utf-8" />
  <meta name='ocr-system' content='tesseract 3.04.00' />
  <meta name='ocr-capabilities' content='ocr_page ocr_carea ocr_par ocr_line ocrx_word'/>
</head>
<body>
  <div class='ocr_page' id='page_1' title='image "./deelocutionemve01georgoog_0015.png"; bbox 0 0 3346 5454; ppageno 0'>
   <div class='ocr_carea' id='block_1_1' title="bbox 855 443 1038 486">
    <p class='ocr_par' dir='ltr' id='par_1_1' title="bbox 855 443 1038 486">
     <span class='ocr_line' id='line_1_1' title="bbox 855 443 1038 486; baseline -0.005 -18"><span class='ocrx_word' id='word_1_1' title='bbox 855 443 1038 486; x_wconf 78' lang='lat'>...2-</span> 
     </span>
    </p>
   </div>
   <div class='ocr_carea' id='block_1_2' title="bbox 227 611 1620 3841">
    <p class='ocr_par' dir='ltr' id='par_1_2' title="bbox 227 611 1620 3841">
     <span class='ocr_line' id='line_1_2' title="bbox 322 611 1586 691; baseline -0.003 -15"><span class='ocrx_word' id='word_1_2' title='bbox 322 621 366 676; x_wconf 88' lang='lat' dir='ltr'><strong>est</strong></span> <span class='ocrx_word' id='word_1_3' title='bbox 387 618 456 675; x_wconf 90' lang='lat' dir='ltr'><strong>vitia</strong></span> <span class='ocrx_word' id='word_1_4' title='bbox 472 616 522 676; x_wconf 88' lang='lat' dir='ltr'><strong>illa</strong></span> <span class='ocrx_word' id='word_1_5' title='bbox 545 613 732 676; x_wconf 87' lang='lat' dir='ltr'><strong>attribuenda</strong></span> <span class='ocrx_word' id='word_1_6' title='bbox 750 632 815 674; x_wconf 88' lang='lat' dir='ltr'><strong>esse</strong></span> <span class='ocrx_word' id='word_1_7' title='bbox 836 613 997 673; x_wconf 84' lang='lat' dir='ltr'><strong>maximam</strong></span> <span class='ocrx_word' id='word_1_8' title='bbox 1015 620 1130 688; x_wconf 89' lang='lat' dir='ltr'><strong>partem</strong></span> <span class='ocrx_word' id='word_1_9' title='bbox 1150 611 1239 672; x_wconf 89' lang='lat' dir='ltr'><strong>aetati</strong></span> <span class='ocrx_word' id='word_1_10' title='bbox 1259 611 1371 690; x_wconf 87' lang='lat' dir='ltr'><strong>Velleji,</strong></span> <span class='ocrx_word' id='word_1_11' title='bbox 1394 631 1453 691; x_wconf 92' lang='lat' dir='ltr'><strong>qna</strong></span> <span class='ocrx_word' id='word_1_12' title='bbox 1476 629 1496 672; x_wconf 89' lang='lat' dir='ltr'><strong>a</strong></span> <span class='ocrx_word' id='word_1_13' title='bbox 1515 631 1586 691; x_wconf 92' lang='lat' dir='ltr'><strong>per·</strong></span> 
     </span>
     <span class='ocr_line' id='line_1_3' title="bbox 324 713 1532 795; baseline -0.002 -20"><span class='ocrx_word' id='word_1_14' title='bbox 324 719 402 778; x_wconf 88' lang='lat' dir='ltr'><strong>lecta</strong></span> <span class='ocrx_word' id='word_1_15' title='bbox 423 724 453 777; x_wconf 89' lang='lat' dir='ltr'><strong>et</strong></span> <span class='ocrx_word' id='word_1_16' title='bbox 473 717 618 795; x_wconf 89' lang='lat' dir='ltr'><strong>perpolita</strong></span> <span class='ocrx_word' id='word_1_17' title='bbox 640 717 767 777; x_wconf 86' lang='lat' dir='ltr'>dictione</span> <span class='ocrx_word' id='word_1_18' title='bbox 789 715 985 776; x_wconf 85' lang='lat' dir='ltr'>Ciceroniana</span> <span class='ocrx_word' id='word_1_19' title='bbox 1007 715 1103 790; x_wconf 92' lang='lat' dir='ltr'><strong>magis</strong></span> <span class='ocrx_word' id='word_1_20' title='bbox 1126 713 1281 790; x_wconf 82' lang='lat' dir='ltr'><strong>magisque</strong></span> <span class='ocrx_word' id='word_1_21' title='bbox 1304 731 1454 774; x_wconf 83' lang='lat' dir='ltr'><strong>recessum</strong></span> <span class='ocrx_word' id='word_1_22' title='bbox 1476 723 1532 774; x_wconf 92' lang='lat' dir='ltr'><strong>est.</strong></span> 
     </span>
     <span class='ocr_line' id='line_1_4' title="bbox 316 814 1586 896; baseline -0.002 -20"><span class='ocrx_word' id='word_1_23' title='bbox 316 871 318 876; x_wconf 81' lang='grc'>,</span> <span class='ocrx_word' id='word_1_24' title='bbox 407 817 482 878; x_wconf 87' lang='lat' dir='ltr'><strong>Tres</strong></span> <span class='ocrx_word' id='word_1_25' title='bbox 504 819 688 896; x_wconf 90' lang='lat' dir='ltr'><strong>potissimum</strong></span> <span class='ocrx_word' id='word_1_26' title='bbox 710 836 815 878; x_wconf 88' lang='lat' dir='ltr'><strong>causas</strong></span> <span class='ocrx_word' id='word_1_27' title='bbox 832 817 959 876; x_wconf 87' lang='lat' dir='ltr'><strong>Kritzins</strong></span> <span class='ocrx_word' id='word_1_28' title='bbox 982 815 1109 875; x_wconf 82' lang='lat' dir='ltr'><strong>affirmat</strong></span> <span class='ocrx_word' id='word_1_29' title='bbox 1131 833 1164 874; x_wconf 91' lang='lat' dir='ltr'><strong>se</strong></span> <span class='ocrx_word' id='word_1_30' title='bbox 1181 814 1332 891; x_wconf 88' lang='lat' dir='ltr'><strong>reperisse,</strong></span> <span class='ocrx_word' id='word_1_31' title='bbox 1354 815 1459 891; x_wconf 90' lang='lat' dir='ltr'><strong>quibus</strong></span> <span class='ocrx_word' id='word_1_32' title='bbox 1477 823 1586 893; x_wconf 81' lang='lat' dir='ltr'><strong>pateat</strong></span> 
     </span>
     <span class='ocr_line' id='line_1_5' title="bbox 324 905 1586 999; baseline -0.002 -21"><span class='ocrx_word' id='word_1_33' title='bbox 324 919 497 999; x_wconf 79' lang='lat' dir='ltr'><strong>VelleJ&#39;anae</strong></span> <span class='ocrx_word' id='word_1_34' title='bbox 522 919 680 980; x_wconf 86' lang='lat' dir='ltr'><strong>elocutioni</strong></span> <span class='ocrx_word' id='word_1_35' title='bbox 703 919 897 996; x_wconf 80' lang='lat' dir='ltr'><strong>elegantiam,</strong></span> <span class='ocrx_word' id='word_1_36' title='bbox 926 905 1018 996; x_wconf 83' lang='lat' dir='ltr'><strong>quam</strong></span> <span class='ocrx_word' id='word_1_37' title='bbox 1045 917 1128 976; x_wconf 91' lang='lat' dir='ltr'><strong>multi</strong></span> <span class='ocrx_word' id='word_1_38' title='bbox 1151 918 1322 993; x_wconf 86' lang='lat' dir='ltr'><strong>interpretes</strong></span> <span class='ocrx_word' id='word_1_39' title='bbox 1345 919 1433 976; x_wconf 91' lang='lat' dir='ltr'><strong>inea</strong></span> <span class='ocrx_word' id='word_1_40' title='bbox 1457 917 1586 976; x_wconf 89' lang='lat' dir='ltr'><strong>laudare</strong></span> 
     </span>
     <span class='ocr_line' id='line_1_6' title="bbox 321 1017 1587 1097; baseline -0.002 -17"><span class='ocrx_word' id='word_1_41' title='bbox 321 1039 382 1081; x_wconf 91' lang='lat' dir='ltr'><strong>non</strong></span> <span class='ocrx_word' id='word_1_42' title='bbox 400 1021 603 1091; x_wconf 87' lang='lat' dir='ltr'><strong>dubitaverint,</strong></span> <span class='ocrx_word' id='word_1_43' title='bbox 626 1021 713 1080; x_wconf 89' lang='lat' dir='ltr'><strong>tribui</strong></span> <span class='ocrx_word' id='word_1_44' title='bbox 730 1039 790 1080; x_wconf 91' lang='lat' dir='ltr'><strong>non</strong></span> <span class='ocrx_word' id='word_1_45' title='bbox 812 1038 909 1096; x_wconf 88' lang='lat' dir='ltr'><strong>posse.</strong></span> <span class='ocrx_word' id='word_1_46' title='bbox 955 1021 1085 1080; x_wconf 89' lang='lat' dir='ltr'><strong>Primum</strong></span> <span class='ocrx_word' id='word_1_47' title='bbox 1106 1019 1196 1088; x_wconf 91' lang='lat' dir='ltr'><strong>enim,</strong></span> <span class='ocrx_word' id='word_1_48' title='bbox 1219 1017 1298 1089; x_wconf 89' lang='lat' dir='ltr'><strong>dicit,</strong></span> <span class='ocrx_word' id='word_1_49' title='bbox 1322 1018 1451 1097; x_wconf 88' lang='lat' dir='ltr'><strong>Vellejus</strong></span> <span class='ocrx_word' id='word_1_50' title='bbox 1475 1019 1587 1096; x_wconf 77' lang='lat' dir='ltr'><strong>hyper·</strong></span> 
     </span>
     <span class='ocr_line' id='line_1_7' title="bbox 322 1120 1587 1198; baseline -0.003 -16"><span class='ocrx_word' id='word_1_51' title='bbox 322 1123 448 1183; x_wconf 90' lang='lat' dir='ltr'><strong>bolicam</strong></span> <span class='ocrx_word' id='word_1_52' title='bbox 471 1123 552 1182; x_wconf 90' lang='lat' dir='ltr'><strong>illam</strong></span> <span class='ocrx_word' id='word_1_53' title='bbox 575 1121 690 1182; x_wconf 91' lang='lat' dir='ltr'><strong>dicendi</strong></span> <span class='ocrx_word' id='word_1_54' title='bbox 712 1123 856 1182; x_wconf 89' lang='lat' dir='ltr'><strong>rationem</strong></span> <span class='ocrx_word' id='word_1_55' title='bbox 875 1129 1020 1192; x_wconf 85' lang='lat' dir='ltr'><strong>sectatur,</strong></span> <span class='ocrx_word' id='word_1_56' title='bbox 1048 1139 1108 1198; x_wconf 88' lang='lat' dir='ltr'><strong>qua</strong></span> <span class='ocrx_word' id='word_1_57' title='bbox 1129 1120 1159 1178; x_wconf 91' lang='lat' dir='ltr'><strong>in</strong></span> <span class='ocrx_word' id='word_1_58' title='bbox 1187 1122 1273 1180; x_wconf 90' lang='lat' dir='ltr'><strong>rebus</strong></span> <span class='ocrx_word' id='word_1_59' title='bbox 1296 1121 1493 1196; x_wconf 86' lang='lat' dir='ltr'><strong>significandis</strong></span> <span class='ocrx_word' id='word_1_60' title='bbox 1518 1139 1587 1179; x_wconf 90' lang='lat' dir='ltr'><strong>mo·</strong></span> 
     </span>
     <span class='ocr_line' id='line_1_8' title="bbox 321 1221 1586 1300; baseline 0 -18"><span class='ocrx_word' id='word_1_61' title='bbox 321 1223 392 1283; x_wconf 89' lang='lat' dir='ltr'><strong>dum</strong></span> <span class='ocrx_word' id='word_1_62' title='bbox 414 1222 529 1284; x_wconf 86' lang='lat' dir='ltr'><strong>excedit</strong></span> <span class='ocrx_word' id='word_1_63' title='bbox 549 1231 579 1283; x_wconf 89' lang='lat' dir='ltr'><strong>et</strong></span> <span class='ocrx_word' id='word_1_64' title='bbox 604 1223 699 1283; x_wconf 92' lang='lat' dir='ltr'><strong>verbis</strong></span> <span class='ocrx_word' id='word_1_65' title='bbox 721 1225 810 1282; x_wconf 89' lang='lat' dir='ltr'><strong>utitur</strong></span> <span class='ocrx_word' id='word_1_66' title='bbox 837 1222 876 1284; x_wconf 93' lang='lat' dir='ltr'><strong>ad</strong></span> <span class='ocrx_word' id='word_1_67' title='bbox 903 1222 1073 1283; x_wconf 88' lang='lat' dir='ltr'><strong>alliciendos</strong></span> <span class='ocrx_word' id='word_1_68' title='bbox 1106 1223 1229 1284; x_wconf 88' lang='lat' dir='ltr'><strong>lectores</strong></span> <span class='ocrx_word' id='word_1_69' title='bbox 1257 1222 1342 1281; x_wconf 90' lang='lat' dir='ltr'><strong>nimis</strong></span> <span class='ocrx_word' id='word_1_70' title='bbox 1370 1221 1531 1300; x_wconf 86' lang='lat' dir='ltr'><strong>splendidis</strong></span> <span class='ocrx_word' id='word_1_71' title='bbox 1556 1231 1586 1282; x_wconf 89' lang='lat' dir='ltr'><strong>et</strong></span> 
     </span>
     <span class='ocr_line' id='line_1_9' title="bbox 321 1309 1620 1403; baseline -0.002 -19"><span class='ocrx_word' id='word_1_72' title='bbox 321 1327 359 1384; x_wconf 92' lang='lat' dir='ltr'><strong>ab</strong></span> <span class='ocrx_word' id='word_1_73' title='bbox 383 1326 504 1402; x_wconf 91' lang='lat' dir='ltr'><strong>antiqua</strong></span> <span class='ocrx_word' id='word_1_74' title='bbox 522 1326 706 1403; x_wconf 88' lang='lat' dir='ltr'><strong>simplicitate</strong></span> <span class='ocrx_word' id='word_1_75' title='bbox 728 1326 817 1401; x_wconf 90' lang='lat' dir='ltr'><strong>longe</strong></span> <span class='ocrx_word' id='word_1_76' title='bbox 835 1325 1048 1385; x_wconf 88' lang='lat' dir='ltr'><strong>recedentibus.</strong></span> <span class='ocrx_word' id='word_1_77' title='bbox 1085 1323 1174 1384; x_wconf 86' lang='lat' dir='ltr'><strong>Aliud</strong></span> <span class='ocrx_word' id='word_1_78' title='bbox 1198 1322 1303 1401; x_wconf 87' lang='lat' dir='ltr'><strong>Velleji</strong></span> <span class='ocrx_word' id='word_1_79' title='bbox 1330 1325 1443 1394; x_wconf 90' lang='lat' dir='ltr'><strong>vitium,</strong></span> <span class='ocrx_word' id='word_1_80' title='bbox 1467 1323 1585 1384; x_wconf 89' lang='lat' dir='ltr'><strong>Kritzio</strong></span> <span class='ocrx_word' id='word_1_81' title='bbox 1617 1309 1620 1320; x_wconf 66' lang='grc'>’</span> 
     </span>
     <span class='ocr_line' id='line_1_10' title="bbox 318 1423 1581 1506; baseline -0.002 -21"><span class='ocrx_word' id='word_1_82' title='bbox 318 1427 427 1504; x_wconf 88' lang='lat' dir='ltr'><strong>judice,</strong></span> <span class='ocrx_word' id='word_1_83' title='bbox 455 1427 485 1488; x_wconf 91' lang='lat' dir='ltr'><strong>in</strong></span> <span class='ocrx_word' id='word_1_84' title='bbox 512 1445 549 1488; x_wconf 91' lang='lat' dir='ltr'><strong>eo</strong></span> <span class='ocrx_word' id='word_1_85' title='bbox 575 1427 716 1499; x_wconf 88' lang='lat' dir='ltr'><strong>cernitur,</strong></span> <span class='ocrx_word' id='word_1_86' title='bbox 747 1426 829 1506; x_wconf 91' lang='lat' dir='ltr'><strong>quod</strong></span> <span class='ocrx_word' id='word_1_87' title='bbox 855 1427 884 1492; x_wconf 90' lang='lat' dir='ltr'><strong>in</strong></span> <span class='ocrx_word' id='word_1_88' title='bbox 907 1428 1053 1488; x_wconf 86' lang='lat' dir='ltr'><strong>sententia</strong></span> <span class='ocrx_word' id='word_1_89' title='bbox 1080 1427 1185 1486; x_wconf 88' lang='lat' dir='ltr'><strong>eadem</strong></span> <span class='ocrx_word' id='word_1_90' title='bbox 1212 1425 1342 1502; x_wconf 89' lang='lat' dir='ltr'><strong>plurimis</strong></span> <span class='ocrx_word' id='word_1_91' title='bbox 1369 1423 1465 1484; x_wconf 88' lang='lat' dir='ltr'><strong>modis</strong></span> <span class='ocrx_word' id='word_1_92' title='bbox 1488 1443 1581 1486; x_wconf 91' lang='lat' dir='ltr'><strong>enun-</strong></span> 
     </span>
     <span class='ocr_line' id='line_1_11' title="bbox 322 1527 1585 1606; baseline -0.001 -19"><span class='ocrx_word' id='word_1_93' title='bbox 322 1528 423 1588; x_wconf 88' lang='lat' dir='ltr'><strong>tianda</strong></span> <span class='ocrx_word' id='word_1_94' title='bbox 445 1529 544 1606; x_wconf 91' lang='lat' dir='ltr'><strong>itaque</strong></span> <span class='ocrx_word' id='word_1_95' title='bbox 570 1529 712 1589; x_wconf 88' lang='lat' dir='ltr'><strong>varianda</strong></span> <span class='ocrx_word' id='word_1_96' title='bbox 734 1528 914 1599; x_wconf 89' lang='lat' dir='ltr'><strong>orationem,</strong></span> <span class='ocrx_word' id='word_1_97' title='bbox 941 1545 1032 1604; x_wconf 85' lang='lat' dir='ltr'><strong>qnam</strong></span> <span class='ocrx_word' id='word_1_98' title='bbox 1055 1545 1161 1587; x_wconf 86' lang='lat' dir='ltr'><strong>ornare</strong></span> <span class='ocrx_word' id='word_1_99' title='bbox 1183 1527 1279 1587; x_wconf 85' lang='lat' dir='ltr'><strong>studet</strong></span> <span class='ocrx_word' id='word_1_100' title='bbox 1301 1527 1436 1602; x_wconf 87' lang='lat' dir='ltr'><strong>scriptor,</strong></span> <span class='ocrx_word' id='word_1_101' title='bbox 1460 1537 1585 1586; x_wconf 87' lang='lat' dir='ltr'><strong>enervet</strong></span> 
     </span>
     <span class='ocr_line' id='line_1_12' title="bbox 322 1613 1583 1705; baseline 0 -18"><span class='ocrx_word' id='word_1_102' title='bbox 322 1636 412 1705; x_wconf 91' lang='lat' dir='ltr'><strong>atque</strong></span> <span class='ocrx_word' id='word_1_103' title='bbox 444 1613 616 1690; x_wconf 83' lang='lat' dir='ltr'><strong>deteriorem</strong></span> <span class='ocrx_word' id='word_1_104' title='bbox 649 1630 763 1691; x_wconf 89' lang='lat' dir='ltr'><strong>reddat.</strong></span> <span class='ocrx_word' id='word_1_105' title='bbox 812 1629 914 1703; x_wconf 91' lang='lat' dir='ltr'><strong>Quare</strong></span> <span class='ocrx_word' id='word_1_106' title='bbox 944 1630 1117 1689; x_wconf 89' lang='lat' dir='ltr'><strong>brevitatem</strong></span> <span class='ocrx_word' id='word_1_107' title='bbox 1149 1628 1277 1698; x_wconf 90' lang='lat' dir='ltr'><strong>dicendi,</strong></span> <span class='ocrx_word' id='word_1_108' title='bbox 1309 1645 1400 1704; x_wconf 94' lang='lat' dir='ltr'><strong>quam</strong></span> <span class='ocrx_word' id='word_1_109' title='bbox 1430 1629 1583 1704; x_wconf 87' lang='lat' dir='ltr'><strong>propriam</strong></span> 
     </span>
     <span class='ocr_line' id='line_1_13' title="bbox 322 1729 1582 1810; baseline -0.002 -20"><span class='ocrx_word' id='word_1_110' title='bbox 322 1749 387 1790; x_wconf 91' lang='lat' dir='ltr'><strong>esse</strong></span> <span class='ocrx_word' id='word_1_111' title='bbox 415 1730 518 1810; x_wconf 89' lang='lat' dir='ltr'><strong>Velleji</strong></span> <span class='ocrx_word' id='word_1_112' title='bbox 548 1733 631 1792; x_wconf 89' lang='lat' dir='ltr'><strong>multi</strong></span> <span class='ocrx_word' id='word_1_113' title='bbox 658 1733 838 1809; x_wconf 86' lang='lat' dir='ltr'><strong>putaverint,</strong></span> <span class='ocrx_word' id='word_1_114' title='bbox 870 1732 977 1791; x_wconf 81' lang='lat' dir='ltr'><strong>frustra</strong></span> <span class='ocrx_word' id='word_1_115' title='bbox 1003 1732 1105 1807; x_wconf 89' lang='lat' dir='ltr'><strong>quaeri</strong></span> <span class='ocrx_word' id='word_1_116' title='bbox 1132 1731 1161 1789; x_wconf 91' lang='lat' dir='ltr'><strong>in</strong></span> <span class='ocrx_word' id='word_1_117' title='bbox 1188 1729 1237 1789; x_wconf 92' lang='lat' dir='ltr'><strong>illo</strong></span> <span class='ocrx_word' id='word_1_118' title='bbox 1264 1729 1390 1789; x_wconf 85' lang='lat' dir='ltr'><strong>Kritaius</strong></span> <span class='ocrx_word' id='word_1_119' title='bbox 1418 1730 1582 1790; x_wconf 90' lang='lat' dir='ltr'><strong>contendit.</strong></span> 
     </span>
     <span class='ocr_line' id='line_1_14' title="bbox 323 1829 1583 1912; baseline -0.001 -22"><span class='ocrx_word' id='word_1_120' title='bbox 323 1829 425 1891; x_wconf 86' lang='lat' dir='ltr'><strong>Tertia</strong></span> <span class='ocrx_word' id='word_1_121' title='bbox 451 1832 578 1910; x_wconf 90' lang='lat' dir='ltr'><strong>denique</strong></span> <span class='ocrx_word' id='word_1_122' title='bbox 604 1853 709 1905; x_wconf 91' lang='lat' dir='ltr'><strong>causa,</strong></span> <span class='ocrx_word' id='word_1_123' title='bbox 736 1835 829 1912; x_wconf 90' lang='lat' dir='ltr'><strong>inquit</strong></span> <span class='ocrx_word' id='word_1_124' title='bbox 854 1833 995 1903; x_wconf 86' lang='lat' dir='ltr'><strong>Kritaius,</strong></span> <span class='ocrx_word' id='word_1_125' title='bbox 1027 1850 1104 1908; x_wconf 89' lang='lat' dir='ltr'><strong>quae</strong></span> <span class='ocrx_word' id='word_1_126' title='bbox 1130 1831 1279 1908; x_wconf 87' lang='lat' dir='ltr'><strong>perlectae</strong></span> <span class='ocrx_word' id='word_1_127' title='bbox 1309 1831 1405 1906; x_wconf 89' lang='lat' dir='ltr'><strong>operis</strong></span> <span class='ocrx_word' id='word_1_128' title='bbox 1434 1830 1583 1909; x_wconf 78' lang='lat' dir='ltr'><strong>VelleJani</strong></span> 
     </span>
     <span class='ocr_line' id='line_1_15' title="bbox 323 1932 1583 2011; baseline 0.001 -20"><span class='ocrx_word' id='word_1_129' title='bbox 323 1933 436 1994; x_wconf 83' lang='lat' dir='ltr'><strong>formae</strong></span> <span class='ocrx_word' id='word_1_130' title='bbox 458 1935 559 2007; x_wconf 83' lang='lat' dir='ltr'><strong>obfuit,</strong></span> <span class='ocrx_word' id='word_1_131' title='bbox 582 1936 816 1996; x_wconf 83' lang='lat' dir='ltr'><strong>infestinatione</strong></span> <span class='ocrx_word' id='word_1_132' title='bbox 838 1935 934 2011; x_wconf 84' lang='lat' dir='ltr'><strong>posita</strong></span> <span class='ocrx_word' id='word_1_133' title='bbox 951 1943 1004 2002; x_wconf 91' lang='lat' dir='ltr'><strong>est,</strong></span> <span class='ocrx_word' id='word_1_134' title='bbox 1028 1951 1105 2010; x_wconf 90' lang='lat' dir='ltr'><strong>quae</strong></span> <span class='ocrx_word' id='word_1_135' title='bbox 1127 1952 1219 2010; x_wconf 90' lang='lat' dir='ltr'><strong>quum</strong></span> <span class='ocrx_word' id='word_1_136' title='bbox 1241 1933 1398 2009; x_wconf 90' lang='lat' dir='ltr'><strong>plurimum</strong></span> <span class='ocrx_word' id='word_1_137' title='bbox 1421 1932 1520 1992; x_wconf 87' lang='lat' dir='ltr'><strong>valeat</strong></span> <span class='ocrx_word' id='word_1_138' title='bbox 1544 1935 1583 1992; x_wconf 89' lang='lat' dir='ltr'><strong>ad</strong></span> 
     </span>
     <span class='ocr_line' id='line_1_16' title="bbox 227 2032 1583 2124; baseline 0 -30"><span class='ocrx_word' id='word_1_139' title='bbox 227 2114 231 2124; x_wconf 34' lang='grc' dir='ltr'>Ι</span> <span class='ocrx_word' id='word_1_140' title='bbox 323 2037 523 2096; x_wconf 87' lang='lat' dir='ltr'><strong>excusandum</strong></span> <span class='ocrx_word' id='word_1_141' title='bbox 545 2040 727 2114; x_wconf 87' lang='lat' dir='ltr'><strong>scriptorem,</strong></span> <span class='ocrx_word' id='word_1_142' title='bbox 750 2045 850 2097; x_wconf 88' lang='lat' dir='ltr'><strong>tamen</strong></span> <span class='ocrx_word' id='word_1_143' title='bbox 872 2036 1042 2112; x_wconf 88' lang='lat' dir='ltr'><strong>saepissime</strong></span> <span class='ocrx_word' id='word_1_144' title='bbox 1060 2035 1218 2110; x_wconf 84' lang='lat' dir='ltr'><strong>caliginem</strong></span> <span class='ocrx_word' id='word_1_145' title='bbox 1242 2032 1393 2110; x_wconf 88' lang='lat' dir='ltr'><strong>quandam</strong></span> <span class='ocrx_word' id='word_1_146' title='bbox 1416 2035 1583 2094; x_wconf 87' lang='lat' dir='ltr'><strong>sententiae</strong></span> 
     </span>
     <span class='ocr_line' id='line_1_17' title="bbox 321 2135 1467 2210; baseline 0.003 -15"><span class='ocrx_word' id='word_1_147' title='bbox 321 2135 440 2197; x_wconf 88' lang='lat' dir='ltr'><strong>inducit.</strong></span> <span class='ocrx_word' id='word_1_148' title='bbox 483 2139 570 2200; x_wconf 90' lang='lat' dir='ltr'><strong>Haec</strong></span> <span class='ocrx_word' id='word_1_149' title='bbox 591 2139 733 2199; x_wconf 89' lang='lat' dir='ltr'><strong>hactenus</strong></span> <span class='ocrx_word' id='word_1_150' title='bbox 755 2136 891 2198; x_wconf 86' lang='lat' dir='ltr'><strong>Kritzius.</strong></span> <span class='ocrx_word' id='word_1_151' title='bbox 1463 2202 1467 2210; x_wconf 65' lang='grc'>,</span> 
     </span>
     <span class='ocr_line' id='line_1_18' title="bbox 407 2237 1584 2320; baseline 0 -22"><span class='ocrx_word' id='word_1_152' title='bbox 407 2238 501 2300; x_wconf 90' lang='lat' dir='ltr'><strong>Nobis</strong></span> <span class='ocrx_word' id='word_1_153' title='bbox 519 2246 618 2300; x_wconf 92' lang='lat' dir='ltr'><strong>autem</strong></span> <span class='ocrx_word' id='word_1_154' title='bbox 641 2240 703 2300; x_wconf 92' lang='lat' dir='ltr'><strong>sine</strong></span> <span class='ocrx_word' id='word_1_155' title='bbox 724 2240 767 2299; x_wconf 91' lang='lat' dir='ltr'><strong>ira</strong></span> <span class='ocrx_word' id='word_1_156' title='bbox 789 2247 820 2320; x_wconf 85' lang='lat' dir='ltr'><strong>et</strong></span> <span class='ocrx_word' id='word_1_157' title='bbox 841 2239 937 2298; x_wconf 90' lang='lat' dir='ltr'><strong>studio</strong></span> <span class='ocrx_word' id='word_1_158' title='bbox 959 2255 1126 2300; x_wconf 89' lang='lat' dir='ltr'><strong>sermonem</strong></span> <span class='ocrx_word' id='word_1_159' title='bbox 1148 2237 1334 2315; x_wconf 89' lang='lat' dir='ltr'><strong>Vellejanum</strong></span> <span class='ocrx_word' id='word_1_160' title='bbox 1356 2238 1584 2300; x_wconf 88' lang='lat' dir='ltr'><strong>aestimantibus</strong></span> 
     </span>
     <span class='ocr_line' id='line_1_19' title="bbox 322 2340 1584 2418; baseline 0.001 -19"><span class='ocrx_word' id='word_1_161' title='bbox 322 2349 392 2400; x_wconf 92' lang='lat' dir='ltr'><strong>ante</strong></span> <span class='ocrx_word' id='word_1_162' title='bbox 414 2341 516 2400; x_wconf 91' lang='lat' dir='ltr'><strong>omnia</strong></span> <span class='ocrx_word' id='word_1_163' title='bbox 537 2340 783 2402; x_wconf 86' lang='lat' dir='ltr'><strong>considerandum</strong></span> <span class='ocrx_word' id='word_1_164' title='bbox 806 2349 851 2400; x_wconf 91' lang='lat' dir='ltr'><strong>est</strong></span> <span class='ocrx_word' id='word_1_165' title='bbox 873 2340 1022 2416; x_wconf 89' lang='lat' dir='ltr'><strong>scripsisse</strong></span> <span class='ocrx_word' id='word_1_166' title='bbox 1046 2340 1191 2417; x_wconf 79' lang='lat' dir='ltr'><strong>VelleJum</strong></span> <span class='ocrx_word' id='word_1_167' title='bbox 1215 2358 1252 2400; x_wconf 90' lang='lat' dir='ltr'><strong>ea</strong></span> <span class='ocrx_word' id='word_1_168' title='bbox 1274 2348 1385 2411; x_wconf 85' lang='lat' dir='ltr'><strong>aetate,</strong></span> <span class='ocrx_word' id='word_1_169' title='bbox 1412 2357 1473 2418; x_wconf 84' lang='lat' dir='ltr'><strong>qua</strong></span> <span class='ocrx_word' id='word_1_170' title='bbox 1494 2349 1529 2400; x_wconf 81' lang='lat' dir='ltr'><strong>ut</strong></span> <span class='ocrx_word' id='word_1_171' title='bbox 1553 2342 1584 2400; x_wconf 92' lang='lat' dir='ltr'><strong>in</strong></span> 
     </span>
     <span class='ocr_line' id='line_1_20' title="bbox 323 2437 1583 2520; baseline 0 -18"><span class='ocrx_word' id='word_1_172' title='bbox 323 2442 473 2518; x_wconf 87' lang='lat' dir='ltr'><strong>republica</strong></span> <span class='ocrx_word' id='word_1_173' title='bbox 496 2449 525 2502; x_wconf 92' lang='lat' dir='ltr'><strong>et</strong></span> <span class='ocrx_word' id='word_1_174' title='bbox 551 2443 581 2501; x_wconf 92' lang='lat' dir='ltr'><strong>in</strong></span> <span class='ocrx_word' id='word_1_175' title='bbox 601 2443 732 2502; x_wconf 88' lang='lat' dir='ltr'><strong>moribus</strong></span> <span class='ocrx_word' id='word_1_176' title='bbox 755 2442 824 2502; x_wconf 92' lang='lat' dir='ltr'><strong>nihil</strong></span> <span class='ocrx_word' id='word_1_177' title='bbox 846 2442 908 2501; x_wconf 88' lang='lat' dir='ltr'><strong>sere</strong></span> <span class='ocrx_word' id='word_1_178' title='bbox 930 2442 1067 2518; x_wconf 89' lang='lat' dir='ltr'><strong>pristinae</strong></span> <span class='ocrx_word' id='word_1_179' title='bbox 1090 2437 1223 2502; x_wconf 80' lang='lat' dir='ltr'><strong>sanitatis</strong></span> <span class='ocrx_word' id='word_1_180' title='bbox 1244 2448 1275 2500; x_wconf 89' lang='lat' dir='ltr'><strong>et</strong></span> <span class='ocrx_word' id='word_1_181' title='bbox 1300 2440 1583 2520; x_wconf 76' lang='lat' dir='ltr'><strong>roborisreliquum</strong></span> 
     </span>
     <span class='ocr_line' id='line_1_21' title="bbox 322 2541 1585 2621; baseline 0.001 -19"><span class='ocrx_word' id='word_1_182' title='bbox 322 2551 398 2614; x_wconf 88' lang='lat' dir='ltr'><strong>erat,</strong></span> <span class='ocrx_word' id='word_1_183' title='bbox 431 2545 471 2604; x_wconf 87' lang='lat' dir='ltr'><strong>ita</strong></span> <span class='ocrx_word' id='word_1_184' title='bbox 502 2544 531 2602; x_wconf 91' lang='lat' dir='ltr'><strong>in</strong></span> <span class='ocrx_word' id='word_1_185' title='bbox 556 2543 658 2603; x_wconf 89' lang='lat' dir='ltr'><strong>litteris</strong></span> <span class='ocrx_word' id='word_1_186' title='bbox 689 2562 807 2621; x_wconf 87' lang='lat' dir='ltr'><strong>qnoque</strong></span> <span class='ocrx_word' id='word_1_187' title='bbox 837 2544 970 2604; x_wconf 89' lang='lat' dir='ltr'><strong>sanitatis</strong></span> <span class='ocrx_word' id='word_1_188' title='bbox 1001 2542 1049 2602; x_wconf 91' lang='lat' dir='ltr'><strong>ille</strong></span> <span class='ocrx_word' id='word_1_189' title='bbox 1080 2541 1173 2612; x_wconf 90' lang='lat' dir='ltr'><strong>color,</strong></span> <span class='ocrx_word' id='word_1_190' title='bbox 1204 2559 1294 2620; x_wconf 87' lang='lat' dir='ltr'><strong>quem</strong></span> <span class='ocrx_word' id='word_1_191' title='bbox 1320 2544 1351 2602; x_wconf 92' lang='lat' dir='ltr'><strong>in</strong></span> <span class='ocrx_word' id='word_1_192' title='bbox 1382 2543 1585 2620; x_wconf 87' lang='lat' dir='ltr'><strong>superioribus</strong></span> 
     </span>
     <span class='ocr_line' id='line_1_22' title="bbox 323 2645 1584 2722; baseline -0.001 -17"><span class='ocrx_word' id='word_1_193' title='bbox 323 2646 512 2722; x_wconf 89' lang='lat' dir='ltr'><strong>scriptoribus</strong></span> <span class='ocrx_word' id='word_1_194' title='bbox 543 2647 573 2704; x_wconf 91' lang='lat' dir='ltr'><strong>in</strong></span> <span class='ocrx_word' id='word_1_195' title='bbox 596 2645 696 2722; x_wconf 89' lang='lat' dir='ltr'><strong>primis</strong></span> <span class='ocrx_word' id='word_1_196' title='bbox 717 2646 747 2705; x_wconf 91' lang='lat' dir='ltr'><strong>in</strong></span> <span class='ocrx_word' id='word_1_197' title='bbox 770 2645 913 2706; x_wconf 89' lang='lat' dir='ltr'><strong>Cicerone</strong></span> <span class='ocrx_word' id='word_1_198' title='bbox 940 2651 1095 2721; x_wconf 90' lang='lat' dir='ltr'><strong>tantopere</strong></span> <span class='ocrx_word' id='word_1_199' title='bbox 1122 2645 1315 2716; x_wconf 88' lang='lat' dir='ltr'><strong>admiramur,</strong></span> <span class='ocrx_word' id='word_1_200' title='bbox 1342 2645 1484 2721; x_wconf 90' lang='lat' dir='ltr'><strong>paulatim</strong></span> <span class='ocrx_word' id='word_1_201' title='bbox 1511 2663 1584 2706; x_wconf 87' lang='lat' dir='ltr'><strong>eva·</strong></span> 
     </span>
     <span class='ocr_line' id='line_1_23' title="bbox 323 2746 1585 2826; baseline 0.002 -21"><span class='ocrx_word' id='word_1_202' title='bbox 323 2755 435 2807; x_wconf 89' lang='lat' dir='ltr'><strong>nuerat.</strong></span> <span class='ocrx_word' id='word_1_203' title='bbox 472 2746 562 2826; x_wconf 86' lang='lat' dir='ltr'><strong>Cujus</strong></span> <span class='ocrx_word' id='word_1_204' title='bbox 584 2748 626 2807; x_wconf 89' lang='lat' dir='ltr'><strong>rei</strong></span> <span class='ocrx_word' id='word_1_205' title='bbox 648 2765 739 2808; x_wconf 86' lang='lat' dir='ltr'><strong>causa</strong></span> <span class='ocrx_word' id='word_1_206' title='bbox 761 2766 780 2806; x_wconf 93' lang='lat' dir='ltr'><strong>a</strong></span> <span class='ocrx_word' id='word_1_207' title='bbox 804 2753 987 2808; x_wconf 87' lang='lat' dir='ltr'><strong>commutata</strong></span> <span class='ocrx_word' id='word_1_208' title='bbox 1009 2747 1192 2824; x_wconf 87' lang='lat' dir='ltr'><strong>potissimum</strong></span> <span class='ocrx_word' id='word_1_209' title='bbox 1215 2746 1372 2824; x_wconf 88' lang='lat' dir='ltr'><strong>disciplina·</strong></span> <span class='ocrx_word' id='word_1_210' title='bbox 1390 2747 1511 2808; x_wconf 85' lang='lat' dir='ltr'><strong>civitatis</strong></span> <span class='ocrx_word' id='word_1_211' title='bbox 1537 2767 1585 2808; x_wconf 89' lang='lat' dir='ltr'><strong>re·</strong></span> 
     </span>
     <span class='ocr_line' id='line_1_24' title="bbox 322 2847 1585 2926; baseline 0.002 -18"><span class='ocrx_word' id='word_1_212' title='bbox 322 2848 450 2925; x_wconf 89' lang='lat' dir='ltr'><strong>petenda</strong></span> <span class='ocrx_word' id='word_1_213' title='bbox 472 2858 526 2908; x_wconf 89' lang='lat' dir='ltr'><strong>est.</strong></span> <span class='ocrx_word' id='word_1_214' title='bbox 570 2847 671 2921; x_wconf 87' lang='lat' dir='ltr'><strong>Quum</strong></span> <span class='ocrx_word' id='word_1_215' title='bbox 699 2849 777 2908; x_wconf 90' lang='lat' dir='ltr'><strong>enim</strong></span> <span class='ocrx_word' id='word_1_216' title='bbox 800 2848 962 2909; x_wconf 88' lang='lat' dir='ltr'><strong>Caesarum</strong></span> <span class='ocrx_word' id='word_1_217' title='bbox 984 2848 1178 2910; x_wconf 85' lang='lat' dir='ltr'><strong>dominationi</strong></span> <span class='ocrx_word' id='word_1_218' title='bbox 1199 2847 1364 2924; x_wconf 86' lang='lat' dir='ltr'><strong>respublica</strong></span> <span class='ocrx_word' id='word_1_219' title='bbox 1386 2849 1517 2926; x_wconf 88' lang='lat' dir='ltr'><strong>subjecta</strong></span> <span class='ocrx_word' id='word_1_220' title='bbox 1538 2867 1585 2910; x_wconf 92' lang='lat' dir='ltr'><strong>es·</strong></span> 
     </span>
     <span class='ocr_line' id='line_1_25' title="bbox 323 2949 1585 3029; baseline 0 -21"><span class='ocrx_word' id='word_1_221' title='bbox 323 2956 380 3019; x_wconf 89' lang='lat' dir='ltr'><strong>set,</strong></span> <span class='ocrx_word' id='word_1_222' title='bbox 403 2951 465 3009; x_wconf 84' lang='lat' dir='ltr'><strong>fieri</strong></span> <span class='ocrx_word' id='word_1_223' title='bbox 488 2969 547 3010; x_wconf 91' lang='lat' dir='ltr'><strong>non</strong></span> <span class='ocrx_word' id='word_1_224' title='bbox 570 2959 698 3026; x_wconf 88' lang='lat' dir='ltr'><strong>poterat,</strong></span> <span class='ocrx_word' id='word_1_225' title='bbox 722 2951 792 3027; x_wconf 92' lang='lat' dir='ltr'><strong>quin</strong></span> <span class='ocrx_word' id='word_1_226' title='bbox 815 2957 945 3024; x_wconf 70' lang='lat' dir='ltr'><strong>mumius</strong></span> <span class='ocrx_word' id='word_1_227' title='bbox 971 2950 1149 3029; x_wconf 87' lang='lat' dir='ltr'><strong>reipublicae</strong></span> <span class='ocrx_word' id='word_1_228' title='bbox 1166 2957 1263 3010; x_wconf 88' lang='lat' dir='ltr'><strong>status</strong></span> <span class='ocrx_word' id='word_1_229' title='bbox 1290 2967 1433 3026; x_wconf 88' lang='lat' dir='ltr'><strong>magnam</strong></span> <span class='ocrx_word' id='word_1_230' title='bbox 1456 2950 1514 3010; x_wconf 89' lang='lat' dir='ltr'><strong>vim</strong></span> <span class='ocrx_word' id='word_1_231' title='bbox 1545 2949 1585 3010; x_wconf 88' lang='lat' dir='ltr'><strong>ad</strong></span> 
     </span>
     <span class='ocr_line' id='line_1_26' title="bbox 323 3051 1584 3130; baseline 0.002 -20"><span class='ocrx_word' id='word_1_232' title='bbox 323 3057 401 3110; x_wconf 90' lang='lat' dir='ltr'><strong>artes</strong></span> <span class='ocrx_word' id='word_1_233' title='bbox 423 3058 453 3109; x_wconf 91' lang='lat' dir='ltr'><strong>et</strong></span> <span class='ocrx_word' id='word_1_234' title='bbox 474 3052 585 3111; x_wconf 89' lang='lat' dir='ltr'><strong>litteras</strong></span> <span class='ocrx_word' id='word_1_235' title='bbox 608 3051 747 3112; x_wconf 90' lang='lat' dir='ltr'><strong>colendas</strong></span> <span class='ocrx_word' id='word_1_236' title='bbox 770 3052 892 3112; x_wconf 86' lang='lat' dir='ltr'><strong>haberet</strong></span> <span class='ocrx_word' id='word_1_237' title='bbox 914 3061 942 3112; x_wconf 89' lang='lat' dir='ltr'><strong>et</strong></span> <span class='ocrx_word' id='word_1_238' title='bbox 964 3051 1144 3129; x_wconf 90' lang='lat' dir='ltr'><strong>eloquentia,</strong></span> <span class='ocrx_word' id='word_1_239' title='bbox 1167 3069 1244 3129; x_wconf 91' lang='lat' dir='ltr'><strong>quae</strong></span> <span class='ocrx_word' id='word_1_240' title='bbox 1266 3053 1447 3130; x_wconf 87' lang='lat' dir='ltr'><strong>temporibus</strong></span> <span class='ocrx_word' id='word_1_241' title='bbox 1469 3052 1584 3112; x_wconf 87' lang='lat' dir='ltr'><strong>liberae</strong></span> 
     </span>
     <span class='ocr_line' id='line_1_27' title="bbox 323 3152 1561 3228; baseline 0.002 -18"><span class='ocrx_word' id='word_1_242' title='bbox 323 3152 500 3228; x_wconf 88' lang='lat' dir='ltr'><strong>reipublicae</strong></span> <span class='ocrx_word' id='word_1_243' title='bbox 521 3153 551 3211; x_wconf 91' lang='lat' dir='ltr'><strong>in</strong></span> <span class='ocrx_word' id='word_1_244' title='bbox 574 3154 685 3212; x_wconf 90' lang='lat' dir='ltr'><strong>honore</strong></span> <span class='ocrx_word' id='word_1_245' title='bbox 707 3162 796 3224; x_wconf 85' lang='lat' dir='ltr'><strong>esset,</strong></span> <span class='ocrx_word' id='word_1_246' title='bbox 820 3153 859 3212; x_wconf 92' lang='lat' dir='ltr'><strong>ad</strong></span> <span class='ocrx_word' id='word_1_247' title='bbox 882 3154 1109 3214; x_wconf 89' lang='lat' dir='ltr'><strong>ostentationem</strong></span> <span class='ocrx_word' id='word_1_248' title='bbox 1131 3162 1162 3213; x_wconf 88' lang='lat' dir='ltr'><strong>et</strong></span> <span class='ocrx_word' id='word_1_249' title='bbox 1183 3153 1340 3214; x_wconf 85' lang='lat' dir='ltr'><strong>blanditias</strong></span> <span class='ocrx_word' id='word_1_250' title='bbox 1363 3154 1561 3214; x_wconf 88' lang='lat' dir='ltr'><strong>delaberetur.</strong></span> 
     </span>
     <span class='ocr_line' id='line_1_28' title="bbox 409 3254 1584 3334; baseline 0.002 -20"><span class='ocrx_word' id='word_1_251' title='bbox 409 3256 513 3332; x_wconf 89' lang='lat' dir='ltr'><strong>Itaque</strong></span> <span class='ocrx_word' id='word_1_252' title='bbox 535 3254 575 3312; x_wconf 91' lang='lat' dir='ltr'><strong>H.</strong></span> <span class='ocrx_word' id='word_1_253' title='bbox 593 3254 751 3331; x_wconf 90' lang='lat' dir='ltr'><strong>Sanppius,</strong></span> <span class='ocrx_word' id='word_1_254' title='bbox 775 3273 957 3332; x_wconf 90' lang='lat' dir='ltr'><strong>quamquam</strong></span> <span class='ocrx_word' id='word_1_255' title='bbox 974 3256 1056 3326; x_wconf 88' lang='lat' dir='ltr'><strong>vitia,</strong></span> <span class='ocrx_word' id='word_1_256' title='bbox 1080 3256 1184 3331; x_wconf 88' lang='lat' dir='ltr'><strong>quibus</strong></span> <span class='ocrx_word' id='word_1_257' title='bbox 1207 3256 1302 3316; x_wconf 90' lang='lat' dir='ltr'><strong>oratio</strong></span> <span class='ocrx_word' id='word_1_258' title='bbox 1320 3256 1474 3334; x_wconf 86' lang='lat' dir='ltr'><strong>Vellejana</strong></span> <span class='ocrx_word' id='word_1_259' title='bbox 1496 3255 1584 3316; x_wconf 92' lang='lat' dir='ltr'><strong>labo·</strong></span> 
     </span>
     <span class='ocr_line' id='line_1_29' title="bbox 324 3355 1584 3435; baseline 0.002 -21"><span class='ocrx_word' id='word_1_260' title='bbox 324 3363 380 3425; x_wconf 88' lang='lat' dir='ltr'><strong>ret,</strong></span> <span class='ocrx_word' id='word_1_261' title='bbox 403 3355 556 3426; x_wconf 85' lang='lat' dir='ltr'><strong>intellexit,</strong></span> <span class='ocrx_word' id='word_1_262' title='bbox 579 3355 689 3431; x_wconf 89' lang='lat' dir='ltr'><strong>optime</strong></span> <span class='ocrx_word' id='word_1_263' title='bbox 715 3363 745 3415; x_wconf 89' lang='lat' dir='ltr'><strong>et</strong></span> <span class='ocrx_word' id='word_1_264' title='bbox 764 3355 923 3433; x_wconf 88' lang='lat' dir='ltr'><strong>justissime</strong></span> <span class='ocrx_word' id='word_1_265' title='bbox 946 3356 983 3415; x_wconf 92' lang='lat' dir='ltr'><strong>de</strong></span> <span class='ocrx_word' id='word_1_266' title='bbox 1005 3374 1042 3416; x_wconf 90' lang='lat' dir='ltr'><strong>ea</strong></span> <span class='ocrx_word' id='word_1_267' title='bbox 1065 3357 1211 3435; x_wconf 80' lang='lat' dir='ltr'><strong>judicasse</strong></span> <span class='ocrx_word' id='word_1_268' title='bbox 1228 3358 1298 3416; x_wconf 90' lang='lat' dir='ltr'><strong>mihi</strong></span> <span class='ocrx_word' id='word_1_269' title='bbox 1320 3358 1441 3427; x_wconf 87' lang='lat' dir='ltr'><strong>videtur,</strong></span> <span class='ocrx_word' id='word_1_270' title='bbox 1464 3357 1489 3418; x_wconf 91' lang='lat' dir='ltr'><strong>si</strong></span> <span class='ocrx_word' id='word_1_271' title='bbox 1511 3355 1584 3417; x_wconf 91' lang='lat' dir='ltr'><strong>dicit</strong></span> 
     </span>
     <span class='ocr_line' id='line_1_30' title="bbox 323 3452 1583 3536; baseline 0.002 -21"><span class='ocrx_word' id='word_1_272' title='bbox 323 3452 363 3534; x_wconf 80' lang='lat' dir='ltr'><strong>(p.</strong></span> <span class='ocrx_word' id='word_1_273' title='bbox 383 3452 457 3534; x_wconf 88' lang='lat'>179):</span> <span class='ocrx_word' id='word_1_274' title='bbox 480 3459 536 3527; x_wconf 91' lang='lat' dir='ltr'><strong>,Im</strong></span> <span class='ocrx_word' id='word_1_275' title='bbox 554 3455 678 3516; x_wconf 86' lang='lat' dir='ltr'><strong>Ganaen</strong></span> <span class='ocrx_word' id='word_1_276' title='bbox 699 3456 808 3536; x_wconf 89' lang='lat' dir='ltr'><strong>jedoch</strong></span> <span class='ocrx_word' id='word_1_277' title='bbox 826 3458 865 3517; x_wconf 92' lang='lat' dir='ltr'><strong>ist</strong></span> <span class='ocrx_word' id='word_1_278' title='bbox 885 3459 933 3517; x_wconf 91' lang='lat' dir='ltr'><strong>die</strong></span> <span class='ocrx_word' id='word_1_279' title='bbox 950 3458 1078 3535; x_wconf 90' lang='lat' dir='ltr'><strong>Sprache</strong></span> <span class='ocrx_word' id='word_1_280' title='bbox 1096 3459 1157 3518; x_wconf 91' lang='lat' dir='ltr'><strong>rein</strong></span> <span class='ocrx_word' id='word_1_281' title='bbox 1180 3459 1241 3518; x_wconf 89' lang='lat' dir='ltr'><strong>und</strong></span> <span class='ocrx_word' id='word_1_282' title='bbox 1259 3458 1403 3530; x_wconf 88' lang='lat' dir='ltr'><strong>liiessend,</strong></span> <span class='ocrx_word' id='word_1_283' title='bbox 1426 3459 1479 3518; x_wconf 92' lang='lat' dir='ltr'><strong>mit</strong></span> <span class='ocrx_word' id='word_1_284' title='bbox 1501 3458 1583 3518; x_wconf 89' lang='lat' dir='ltr'><strong>allen</strong></span> 
     </span>
     <span class='ocr_line' id='line_1_31' title="bbox 324 3557 1581 3636; baseline 0.002 -18"><span class='ocrx_word' id='word_1_285' title='bbox 324 3557 468 3635; x_wconf 73' lang='lat' dir='ltr'><strong>Mingeln</strong></span> <span class='ocrx_word' id='word_1_286' title='bbox 485 3560 546 3618; x_wconf 85' lang='lat' dir='ltr'><strong>und</strong></span> <span class='ocrx_word' id='word_1_287' title='bbox 561 3558 720 3635; x_wconf 86' lang='lat' dir='ltr'><strong>Voraiigen</strong></span> <span class='ocrx_word' id='word_1_288' title='bbox 738 3559 789 3619; x_wconf 91' lang='lat' dir='ltr'><strong>des</strong></span> <span class='ocrx_word' id='word_1_289' title='bbox 808 3560 977 3636; x_wconf 88' lang='lat' dir='ltr'><strong>damaligen</strong></span> <span class='ocrx_word' id='word_1_290' title='bbox 995 3559 1175 3622; x_wconf 87' lang='lat' dir='ltr'><strong>Ansdruclrs.</strong></span> <span class='ocrx_word' id='word_1_291' title='bbox 1209 3559 1307 3622; x_wconf 89' lang='lat' dir='ltr'><strong>Bilder</strong></span> <span class='ocrx_word' id='word_1_292' title='bbox 1324 3561 1385 3620; x_wconf 85' lang='lat' dir='ltr'><strong>und</strong></span> <span class='ocrx_word' id='word_1_293' title='bbox 1404 3559 1581 3636; x_wconf 83' lang='lat' dir='ltr'><strong>Witaspiele,</strong></span> 
     </span>
     <span class='ocr_line' id='line_1_32' title="bbox 323 3660 1581 3738; baseline 0.003 -20"><span class='ocrx_word' id='word_1_294' title='bbox 323 3660 496 3719; x_wconf 85' lang='lat' dir='ltr'><strong>Antithesen</strong></span> <span class='ocrx_word' id='word_1_295' title='bbox 518 3660 579 3720; x_wconf 91' lang='lat' dir='ltr'><strong>und</strong></span> <span class='ocrx_word' id='word_1_296' title='bbox 599 3660 775 3732; x_wconf 86' lang='lat' dir='ltr'><strong>Sentenzen,</strong></span> <span class='ocrx_word' id='word_1_297' title='bbox 798 3663 946 3737; x_wconf 89' lang='lat' dir='ltr'><strong>poetische</strong></span> <span class='ocrx_word' id='word_1_298' title='bbox 969 3662 1070 3722; x_wconf 89' lang='lat' dir='ltr'><strong>Worte</strong></span> <span class='ocrx_word' id='word_1_299' title='bbox 1092 3662 1153 3721; x_wconf 90' lang='lat' dir='ltr'><strong>und</strong></span> <span class='ocrx_word' id='word_1_300' title='bbox 1175 3670 1311 3738; x_wconf 85' lang='lat' dir='ltr'><strong>gewagte</strong></span> <span class='ocrx_word' id='word_1_301' title='bbox 1334 3661 1581 3723; x_wconf 87' lang='lat' dir='ltr'><strong>Gedanlrenwen·</strong></span> 
     </span>
     <span class='ocr_line' id='line_1_33' title="bbox 324 3759 1581 3841; baseline 0.004 -22"><span class='ocrx_word' id='word_1_302' title='bbox 324 3759 456 3836; x_wconf 92' lang='lat' dir='ltr'><strong>dungen,</strong></span> <span class='ocrx_word' id='word_1_303' title='bbox 480 3761 568 3820; x_wconf 85' lang='lat' dir='ltr'><strong>kurze</strong></span> <span class='ocrx_word' id='word_1_304' title='bbox 591 3762 780 3838; x_wconf 88' lang='lat' dir='ltr'><strong>abgcrissene</strong></span> <span class='ocrx_word' id='word_1_305' title='bbox 803 3763 887 3823; x_wconf 72' lang='lat' dir='ltr'><strong>Sitne</strong></span> <span class='ocrx_word' id='word_1_306' title='bbox 908 3763 1056 3824; x_wconf 86' lang='lat' dir='ltr'><strong>bemiihen</strong></span> <span class='ocrx_word' id='word_1_307' title='bbox 1079 3764 1153 3834; x_wconf 84' lang='lat' dir='ltr'><strong>sich,</strong></span> <span class='ocrx_word' id='word_1_308' title='bbox 1182 3763 1229 3823; x_wconf 90' lang='lat' dir='ltr'><strong>die</strong></span> <span class='ocrx_word' id='word_1_309' title='bbox 1251 3764 1491 3841; x_wconf 89' lang='lat' dir='ltr'><strong>abgestumplten</strong></span> <span class='ocrx_word' id='word_1_310' title='bbox 1520 3765 1581 3824; x_wconf 89' lang='lat' dir='ltr'><strong>und</strong></span> 
     </span>
    </p>
   </div>
   <div class='ocr_carea' id='block_1_3' title="bbox 230 3861 1580 3942">
    <p class='ocr_par' dir='ltr' id='par_1_3' title="bbox 230 3861 1580 3942">
     <span class='ocr_line' id='line_1_34' title="bbox 230 3861 1580 3942; baseline 0.003 -22"><span class='ocrx_word' id='word_1_311' title='bbox 230 3875 232 3882; x_wconf 59' lang='lat'>‘</span> <span class='ocrx_word' id='word_1_312' title='bbox 324 3861 505 3922; x_wconf 82' lang='lat' dir='ltr'><strong>iiberreizten</strong></span> <span class='ocrx_word' id='word_1_313' title='bbox 527 3862 643 3923; x_wconf 87' lang='lat' dir='ltr'><strong>Geister</strong></span> <span class='ocrx_word' id='word_1_314' title='bbox 668 3882 704 3923; x_wconf 85' lang='lat' dir='ltr'><strong>zu</strong></span> <span class='ocrx_word' id='word_1_315' title='bbox 731 3883 821 3924; x_wconf 88' lang='lat' dir='ltr'><strong>nener</strong></span> <span class='ocrx_word' id='word_1_316' title='bbox 843 3864 1040 3926; x_wconf 83' lang='lat' dir='ltr'><strong>Tbeilnahme</strong></span> <span class='ocrx_word' id='word_1_317' title='bbox 1066 3865 1263 3942; x_wconf 79' lang='lat' dir='ltr'><strong>autzuregen.⁴</strong></span> <span class='ocrx_word' id='word_1_318' title='bbox 1312 3865 1422 3928; x_wconf 92' lang='lat' dir='ltr'><strong>Videas</strong></span> <span class='ocrx_word' id='word_1_319' title='bbox 1453 3883 1580 3942; x_wconf 87' lang='lat' dir='ltr'><strong>quoque,</strong></span> 
     </span>
    </p>
   </div>
   <div class='ocr_carea' id='block_1_4' title="bbox 324 3963 1583 4650">
    <p class='ocr_par' dir='ltr' id='par_1_4' title="bbox 324 3963 1583 4650">
     <span class='ocr_line' id='line_1_35' title="bbox 324 3963 1528 4047; baseline 0.002 -26"><span class='ocrx_word' id='word_1_320' title='bbox 324 3963 395 4038; x_wconf 85' lang='lat' dir='ltr'><strong>quid</strong></span> <span class='ocrx_word' id='word_1_321' title='bbox 414 3963 525 4042; x_wconf 82' lang='lat' dir='ltr'><strong>judicet</strong></span> <span class='ocrx_word' id='word_1_322' title='bbox 546 3965 584 4024; x_wconf 91' lang='lat' dir='ltr'><strong>de</strong></span> <span class='ocrx_word' id='word_1_323' title='bbox 606 3963 720 4042; x_wconf 76' lang='lat' dir='ltr'><strong>VelleJo</strong></span> <span class='ocrx_word' id='word_1_324' title='bbox 741 3964 912 4044; x_wconf 90' lang='lat' dir='ltr'><strong>Bernhardy</strong></span> <span class='ocrx_word' id='word_1_325' title='bbox 933 3968 963 4026; x_wconf 89' lang='lat' dir='ltr'><strong>in</strong></span> <span class='ocrx_word' id='word_1_326' title='bbox 985 3967 1085 4027; x_wconf 88' lang='lat' dir='ltr'><strong>Litter.</strong></span> <span class='ocrx_word' id='word_1_327' title='bbox 1104 3968 1232 4028; x_wconf 90' lang='lat' dir='ltr'><strong>Roman.</strong></span> <span class='ocrx_word' id='word_1_328' title='bbox 1255 3987 1283 4045; x_wconf 92' lang='lat' dir='ltr'><strong>p.</strong></span> <span class='ocrx_word' id='word_1_329' title='bbox 1302 3983 1352 4044; x_wconf 86' lang='lat'><strong>722</strong></span> <span class='ocrx_word' id='word_1_330' title='bbox 1375 3965 1454 4047; x_wconf 85' lang='lat' dir='ltr'><strong>(edit.</strong></span> <span class='ocrx_word' id='word_1_331' title='bbox 1473 3965 1528 4040; x_wconf 56' lang='grc' dir='ltr'><strong>ΧΠ).</strong></span> 
     </span>
     <span class='ocr_line' id='line_1_36' title="bbox 410 4065 1579 4149; baseline 0.005 -25"><span class='ocrx_word' id='word_1_332' title='bbox 410 4065 511 4137; x_wconf 89' lang='lat' dir='ltr'><strong>Quum</strong></span> <span class='ocrx_word' id='word_1_333' title='bbox 537 4074 638 4126; x_wconf 88' lang='lat' dir='ltr'><strong>autern</strong></span> <span class='ocrx_word' id='word_1_334' title='bbox 661 4065 791 4145; x_wconf 86' lang='lat' dir='ltr'><strong>Vellejus</strong></span> <span class='ocrx_word' id='word_1_335' title='bbox 817 4069 1035 4145; x_wconf 89' lang='lat' dir='ltr'><strong>antiquissimus</strong></span> <span class='ocrx_word' id='word_1_336' title='bbox 1063 4069 1100 4128; x_wconf 90' lang='lat' dir='ltr'><strong>sit</strong></span> <span class='ocrx_word' id='word_1_337' title='bbox 1126 4071 1313 4148; x_wconf 90' lang='lat' dir='ltr'><strong>scriptorum,</strong></span> <span class='ocrx_word' id='word_1_338' title='bbox 1346 4072 1395 4149; x_wconf 93' lang='lat' dir='ltr'><strong>qui</strong></span> <span class='ocrx_word' id='word_1_339' title='bbox 1426 4077 1579 4146; x_wconf 89' lang='lat' dir='ltr'><strong>argentea,</strong></span> 
     </span>
     <span class='ocr_line' id='line_1_37' title="bbox 325 4169 1581 4248; baseline 0.005 -24"><span class='ocrx_word' id='word_1_340' title='bbox 325 4183 402 4242; x_wconf 88' lang='lat' dir='ltr'><strong>quae</strong></span> <span class='ocrx_word' id='word_1_341' title='bbox 424 4178 557 4239; x_wconf 90' lang='lat' dir='ltr'><strong>vocatur,</strong></span> <span class='ocrx_word' id='word_1_342' title='bbox 590 4176 686 4228; x_wconf 85' lang='lat' dir='ltr'><strong>aetate</strong></span> <span class='ocrx_word' id='word_1_343' title='bbox 708 4169 858 4230; x_wconf 90' lang='lat' dir='ltr'><strong>historiam</strong></span> <span class='ocrx_word' id='word_1_344' title='bbox 886 4178 1114 4246; x_wconf 90' lang='lat' dir='ltr'><strong>composuerunt</strong></span> <span class='ocrx_word' id='word_1_345' title='bbox 1136 4179 1166 4232; x_wconf 91' lang='lat' dir='ltr'><strong>et</strong></span> <span class='ocrx_word' id='word_1_346' title='bbox 1188 4190 1279 4248; x_wconf 91' lang='lat' dir='ltr'><strong>quum</strong></span> <span class='ocrx_word' id='word_1_347' title='bbox 1301 4189 1338 4232; x_wconf 83' lang='lat' dir='ltr'><strong>ex</strong></span> <span class='ocrx_word' id='word_1_348' title='bbox 1361 4191 1398 4232; x_wconf 88' lang='lat' dir='ltr'><strong>eo</strong></span> <span class='ocrx_word' id='word_1_349' title='bbox 1421 4171 1581 4232; x_wconf 85' lang='lat' dir='ltr'><strong>clarissime</strong></span> 
     </span>
     <span class='ocr_line' id='line_1_38' title="bbox 325 4268 1582 4351; baseline 0.005 -25"><span class='ocrx_word' id='word_1_350' title='bbox 325 4268 516 4346; x_wconf 82' lang='lat' dir='ltr'><strong>intelligatur,</strong></span> <span class='ocrx_word' id='word_1_351' title='bbox 546 4279 689 4345; x_wconf 88' lang='lat' dir='ltr'><strong>quantum</strong></span> <span class='ocrx_word' id='word_1_352' title='bbox 716 4290 735 4330; x_wconf 92' lang='lat' dir='ltr'><strong>a</strong></span> <span class='ocrx_word' id='word_1_353' title='bbox 757 4271 886 4347; x_wconf 83' lang='lat' dir='ltr'><strong>perfecta</strong></span> <span class='ocrx_word' id='word_1_354' title='bbox 911 4281 942 4332; x_wconf 90' lang='lat' dir='ltr'><strong>et</strong></span> <span class='ocrx_word' id='word_1_355' title='bbox 968 4273 1112 4350; x_wconf 87' lang='lat' dir='ltr'><strong>perpolita</strong></span> <span class='ocrx_word' id='word_1_356' title='bbox 1140 4273 1282 4344; x_wconf 90' lang='lat' dir='ltr'><strong>dictione,</strong></span> <span class='ocrx_word' id='word_1_357' title='bbox 1309 4292 1399 4350; x_wconf 89' lang='lat' dir='ltr'><strong>quam</strong></span> <span class='ocrx_word' id='word_1_358' title='bbox 1426 4274 1456 4332; x_wconf 92' lang='lat' dir='ltr'><strong>in</strong></span> <span class='ocrx_word' id='word_1_359' title='bbox 1484 4274 1582 4351; x_wconf 83' lang='lat' dir='ltr'><strong>reipu-</strong></span> 
     </span>
     <span class='ocr_line' id='line_1_39' title="bbox 325 4369 1582 4452; baseline 0.006 -26"><span class='ocrx_word' id='word_1_360' title='bbox 325 4369 421 4428; x_wconf 88' lang='lat' dir='ltr'><strong>blicae</strong></span> <span class='ocrx_word' id='word_1_361' title='bbox 443 4369 552 4432; x_wconf 87' lang='lat' dir='ltr'><strong>liberae</strong></span> <span class='ocrx_word' id='word_1_362' title='bbox 579 4373 767 4450; x_wconf 88' lang='lat' dir='ltr'><strong>scriptoribus</strong></span> <span class='ocrx_word' id='word_1_363' title='bbox 793 4372 985 4446; x_wconf 83' lang='lat' dir='ltr'><strong>admiramur,</strong></span> <span class='ocrx_word' id='word_1_364' title='bbox 1014 4392 1162 4436; x_wconf 88' lang='lat' dir='ltr'><strong>recessum</strong></span> <span class='ocrx_word' id='word_1_365' title='bbox 1184 4375 1234 4445; x_wconf 90' lang='lat' dir='ltr'><strong>sit,</strong></span> <span class='ocrx_word' id='word_1_366' title='bbox 1258 4375 1513 4452; x_wconf 87' lang='lat' dir='ltr'><strong>operaepretium</strong></span> <span class='ocrx_word' id='word_1_367' title='bbox 1537 4377 1582 4434; x_wconf 84' lang='lat' dir='ltr'><strong>sa·</strong></span> 
     </span>
     <span class='ocr_line' id='line_1_40' title="bbox 324 4472 1582 4554; baseline 0.004 -23"><span class='ocrx_word' id='word_1_368' title='bbox 324 4478 424 4531; x_wconf 90' lang='lat' dir='ltr'><strong>cturus</strong></span> <span class='ocrx_word' id='word_1_369' title='bbox 441 4473 512 4531; x_wconf 90' lang='lat' dir='ltr'><strong>mihi</strong></span> <span class='ocrx_word' id='word_1_370' title='bbox 530 4472 659 4546; x_wconf 90' lang='lat' dir='ltr'><strong>videbar,</strong></span> <span class='ocrx_word' id='word_1_371' title='bbox 682 4476 705 4534; x_wconf 93' lang='lat' dir='ltr'><strong>si</strong></span> <span class='ocrx_word' id='word_1_372' title='bbox 728 4475 765 4535; x_wconf 91' lang='lat' dir='ltr'><strong>de</strong></span> <span class='ocrx_word' id='word_1_373' title='bbox 782 4475 948 4536; x_wconf 89' lang='lat' dir='ltr'><strong>elocutione</strong></span> <span class='ocrx_word' id='word_1_374' title='bbox 965 4478 1027 4554; x_wconf 87' lang='lat' dir='ltr'><strong>ejus</strong></span> <span class='ocrx_word' id='word_1_375' title='bbox 1045 4475 1188 4538; x_wconf 89' lang='lat' dir='ltr'><strong>nonnulla</strong></span> <span class='ocrx_word' id='word_1_376' title='bbox 1207 4495 1354 4554; x_wconf 89' lang='lat' dir='ltr'><strong>exponere</strong></span> <span class='ocrx_word' id='word_1_377' title='bbox 1372 4494 1504 4538; x_wconf 88' lang='lat' dir='ltr'><strong>conarer.</strong></span> <span class='ocrx_word' id='word_1_378' title='bbox 1543 4477 1582 4536; x_wconf 89' lang='lat' dir='ltr'><strong>Et</strong></span> 
     </span>
     <span class='ocr_line' id='line_1_41' title="bbox 325 4575 1583 4650; baseline 0.006 -19"><span class='ocrx_word' id='word_1_379' title='bbox 325 4587 507 4650; x_wconf 89' lang='lat' dir='ltr'><strong>quamquam</strong></span> <span class='ocrx_word' id='word_1_380' title='bbox 524 4575 727 4650; x_wconf 90' lang='lat' dir='ltr'><strong>intelligebam</strong></span> <span class='ocrx_word' id='word_1_381' title='bbox 744 4575 822 4636; x_wconf 89' lang='lat' dir='ltr'><strong>hanc</strong></span> <span class='ocrx_word' id='word_1_382' title='bbox 844 4597 906 4638; x_wconf 89' lang='lat' dir='ltr'><strong>rem</strong></span> <span class='ocrx_word' id='word_1_383' title='bbox 924 4587 953 4638; x_wconf 89' lang='lat' dir='ltr'><strong>et</strong></span> <span class='ocrx_word' id='word_1_384' title='bbox 975 4578 1099 4638; x_wconf 89' lang='lat' dir='ltr'><strong>multum</strong></span> <span class='ocrx_word' id='word_1_385' title='bbox 1117 4577 1293 4638; x_wconf 77' lang='lat' dir='ltr'><strong>difficultatis</strong></span> <span class='ocrx_word' id='word_1_386' title='bbox 1310 4578 1421 4638; x_wconf 89' lang='lat' dir='ltr'><strong>habere</strong></span> <span class='ocrx_word' id='word_1_387' title='bbox 1439 4587 1468 4638; x_wconf 89' lang='lat' dir='ltr'><strong>et</strong></span> <span class='ocrx_word' id='word_1_388' title='bbox 1486 4579 1583 4639; x_wconf 88' lang='lat' dir='ltr'><strong>multo</strong></span> 
     </span>
    </p>
   </div>
   <div class='ocr_carea' id='block_1_5' title="bbox 0 0 1679 5444">
    <p class='ocr_par' dir='ltr' id='par_1_5' title="bbox 0 0 1679 5444">
     <span class='ocr_line' id='line_1_42' title="bbox 0 0 1679 5444; baseline 0 0"><span class='ocrx_word' id='word_1_389' title='bbox 0 0 1679 5444; x_wconf 95' lang='lat' dir='ltr'><strong> </strong></span> 
     </span>
    </p>
   </div>
  </div>
 </body>
</html>
