3346 5454
850 424 1056 484 ..70-

324 600 405 675 quod
418 576 467 658 est
485 598 565 674 aiqm
583 595 732 670 despicere
749 611 774 665 2,
793 595 840 670 76,
863 612 882 668 4
899 591 975 671 (Sen.
995 594 1115 669 Thyest.
1130 589 1201 666 366:
1219 592 1295 651 insra
1313 611 1345 652 se
1364 595 1441 674 videt
1460 593 1584 670 omnia).

327 731 366 742 -
390 700 486 778 Infra
509 715 607 757 servos
628 695 732 756 dicitur
756 697 793 754 de
815 714 859 766 eo,
882 696 932 772 qui
953 696 1078 754 liberum
1100 694 1250 768 ingenium
1273 713 1382 756 exuens
1401 695 1585 771 dedignatur

326 821 358 861 se
380 801 469 861 servis
492 799 662 858 submittere
685 806 737 856 aut
759 799 847 856 servis
870 813 974 874 parere
995 812 1020 867 2,
1044 795 1089 869 83,
1115 812 1141 852 1:
1168 794 1244 872 infra
1266 813 1365 854 servos
1387 797 1489 854 cliens.
1537 797 1584 856 Cf.

323 903 398 961 Tac.
411 920 480 960 ann.
498 918 538 975 13,
548 915 579 957 2:
598 916 693 975 neque
706 897 818 957 Neroni
830 897 907 957 infra
920 915 1019 956 servos
1032 896 1193 970 ingenium.
1202 927 1243 937 -
1258 897 1319 955 Per
1328 899 1423 955 omnia
1435 899 1499 976 Jam
1514 899 1586 956 inde

325 1022 343 1062 a
365 1002 449 1062 Livio
472 1001 582 1060 dictum
605 1006 649 1057 est
670 1017 725 1074 pro
747 1001 778 1056 in
801 998 941 1068 omnibus,
970 1001 1090 1056 omnmo.
1136 997 1264 1074 Vellejus
1291 981 1332 1056 ita
1349 998 1465 1057 locutus
1489 1008 1537 1057 est
1560 1016 1585 1067 2,

324 1121 366 1178 31,
393 1118 419 1172 1;
442 1119 467 1172 2,
491 1117 536 1175 33,
561 1116 588 1170 1;
611 1117 636 1170 2,
660 1114 707 1174 33,
731 1113 760 1169 2;
783 1115 808 1169 2,
832 1116 883 1173 4ο,
906 1116 935 1170 2;
959 1116 988 1170 2,
1013 1099 1065 1174 69,
1089 1099 1121 1170 6;
1145 1115 1173 1167 2,
1199 1114 1268 1168 100,
1292 1115 1318 1173 3.
1346 1130 1386 1140 -
1413 1100 1494 1158 Post.
1530 1103 1585 1158 Ar-

324 1211 463 1279 genteae,
488 1219 566 1279 quae
593 1210 727 1271 vocatur,
752 1201 856 1260 aetatis
883 1201 1037 1274 scriptores
1059 1217 1127 1258 cum
1150 1218 1295 1258 annorum
1318 1202 1437 1260 nornine
1458 1220 1586 1278 compo

291 1294 293 1298 ¹
326 1311 446 1364 suerunt
474 1322 584 1373 nomen
610 1303 651 1360 rei
679 1310 778 1373 actae,
806 1302 884 1360 velut
908 1320 933 1372 1,
959 1318 1006 1371 10,
1030 1317 1059 1376 5:
1091 1302 1217 1360 alterum
1245 1319 1280 1360 ex
1306 1303 1366 1362 suis
1388 1304 1487 1363 liberis
1513 1313 1585 1364 ante

326 1423 438 1480 paucos
460 1404 607 1480 triumphi,
631 1404 755 1461 alterum
777 1411 845 1479 post
866 1403 1019 1478 pauciores
1042 1403 1139 1461 amisit
1160 1403 1222 1461 dies
1245 1400 1327 1480 (Just.
1352 1422 1395 1478 14,
1414 1421 1440 1478 3,
1459 1401 1501 1482 8).
1541 1407 1586 1466 Cf.

327 1507 419 1565 Hand
443 1506 529 1566 Turs.
552 1506 605 1563 IV.
628 1524 656 1580 p.
680 1521 751 1580 494.
775 1534 814 1544 -
842 1504 914 1561 Post
934 1513 1089 1579 poetarum
1111 1521 1193 1563 more
1215 1523 1283 1564 cum
1305 1508 1481 1581 pronomine
1506 1509 1585 1579 ‚hoc‘

324 1608 485 1665 collocatur
508 1615 537 1664 et
558 1623 611 1681 pro
628 1613 726 1680 posteo
749 1605 854 1662 dicitur
872 1621 899 1674 2,
918 1621 959 1675 21,
978 1623 1010 1678 4:
1033 1605 1175 1680 posthoc
1193 1605 1247 1665 Cn.
1265 1606 1424 1684 Pompeius
1443 1609 1584 1669 decessit.

323 1707 368 1766 Cf.
388 1707 480 1766 Hand
498 1707 585 1765 Turs.
602 1707 658 1766 IV.
677 1726 706 1782 p.
724 1723 793 1782 494.
818 1737 857 1748 -
881 1707 951 1766 Post
973 1725 1005 1766 se
1021 1731 1064 1754 ι·-
1082 1725 1113 1765 se
1136 1715 1252 1766 mortuo
1274 1724 1299 1780 2,
1320 1725 1377 1783 123,
1397 1727 1421 1768 2.
1442 1741 1483 1751 -
1503 1711 1584 1770 Sine.

324 1810 449 1868 Homeri
471 1809 564 1868 illuxit
585 1810 734 1884 ingenium
758 1809 820 1868 sine
843 1809 979 1885 exemplo
996 1810 1159 1867 maximum
1183 1825 1205 1879 1,
1224 1824 1252 1884 5,
1271 1828 1292 1868 1.
1316 1842 1356 1853 -
1379 1812 1443 1870 sine
1460 1813 1524 1872 tine
1543 1837 1586 1858 =

324 1928 441 1986 semper
464 1927 491 1980 2,
517 1924 578 1985 107,
597 1926 627 1968 2:
651 1911 712 1968 sine
734 1911 791 1969 tine
813 1919 983 1986 respectans
1007 1910 1175 1970 Caesarem.
1199 1895 1251 1952 -’
1267 1911 1355 1970 Ultra
1378 1913 1415 1972 de
1437 1918 1585 1991 temporis

324 2013 420 2088 spatio
438 2011 542 2071 dicitur
562 2029 583 2082 1,
601 2027 639 2082 12,
651 2026 680 2086 7:
700 2009 776 2070 adeo
787 2012 895 2069 ¹odium
914 2013 1123 2071 certaminibus
1141 2021 1238 2071 ortum
1256 2013 1334 2071 ultra
1352 2023 1464 2074 metum
1483 2017 1586 2078 durat.

324 2112 369 2173 Cf.
393 2113 459 2172 Sen.
484 2131 529 2189 ep.
555 2128 615 2183 102,
639 2131 671 2186 4:
695 2114 771 2185 ultra
794 2121 958 2172 extremum
982 2112 1059 2173 diem
1081 2131 1167 2174 curas
1190 2117 1399 2188 transmittere;
1424 2117 1533 2190 Quint.
1559 2139 1585 2196 9,

325 2231 357 2284 2,
380 2213 432 2273 88:
463 2222 496 2271 ut
523 2232 583 2276 non
610 2214 696 2272 durat
721 2215 798 2272 ultra
823 2232 952 2288 poenam
974 2215 1176 2275 abdicationis.
1198 2247 1238 2258 -—
1266 2217 1352 2275 Ultra
1375 2219 1524 2279 translate
1548 2222 1586 2280 ad

324 2332 465 2391 personas
484 2314 656 2384 collocatur,
679 2315 758 2373 velut
779 2331 808 2386 2,
833 2315 882 2385 88,
905 2332 936 2374 2;
964 2319 1007 2376 vir
1028 2319 1088 2378 otio
1110 2338 1146 2378 ac
1168 2319 1295 2378 mollitiis
1317 2339 1413 2396 paene
1435 2321 1520 2382 ultra
1544 2323 1586 2382 ie·

324 2417 436 2474 minam
459 2415 565 2486 fluens;
596 2432 628 2486 2,
653 2415 714 2488 118,
742 2432 771 2474 2:
797 2419 910 2494 iuvenis
932 2418 1008 2479 ultra
1029 2421 1188 2479 barbarum
1211 2430 1363 2497 promptus
1385 2423 1521 2496 ingeni0.
1545 2455 1585 2466 -

329 2515 423 2590 Usque
438 2535 492 2592 pro
512 2537 598 2592 usque
616 2519 702 2577 adin
720 2519 820 2594 primis
838 2520 1067 2594 significationes
1085 2524 1200 2580 urbium
1218 2524 1347 2598 sequitur
1365 2532 1393 2582 et
1411 2541 1585 2600 easvoces,

324 2635 400 2692 quae
422 2618 452 2676 in
470 2635 506 2676 eo
525 2638 648 2679 numero
670 2621 824 2690 habentur,
848 2622 926 2680 velut
948 2638 972 2693 2,
992 2621 1019 2692 6,
1039 2639 1070 2696 3:
1094 2641 1187 2699 usque
1204 2624 1296 2700 Alpes
1314 2626 1497 2684 extendebat
1518 2630 1586 2686 civi·

323 2726 423 2778 tatem.
452 2719 497 2778 Cs.
516 2720 542 2799 J.
560 2721 588 2778 S.
607 2720 708 2792 M...‚
728 2722 904 2782 Uebersicht
923 2724 994 2782 aller
1016 2742 1082 2782 zum
1101 2725 1198 2784 latein.
1216 2725 1457 2800 Spracbstudium
1477 2729 1585 2802 gehbr.

322 2818 431 2877 Partik.
455 2840 483 2896 p.
506 2835 569 2897 547.
614 2815 615 2820 ’

690 4622 758 4673 Typis
773 4621 940 4673 descripserunt
953 4624 1013 4670 Baer
1027 4629 1050 4666 et
1063 4626 1187 4667 Hermann.

421 4950 1219 5422 2²*ss
1509 5141 1639 5421 L
