3346 5454
166 639 362 714 Praesagoum
385 639 591 716 praeeuntibus
614 635 719 697 Ovidio
746 646 775 699 et
797 637 927 715 Vergilio
953 657 1006 716 pro
1021 645 1235 716 praesensione,
1258 644 1331 704 droi-

78 743 196 798 nalione
218 739 336 815 ponitur
358 755 382 810 2,
405 754 448 814 57,
473 756 499 797 1:
522 751 590 798 cum
608 727 740 815 plurima¹
754 741 911 817 praesagia
929 751 1018 818 atque
1035 742 1141 811 indicia
1159 743 1197 803 dii
1214 745 1332 806 immor·

77 842 156 902 tales
177 840 267 899 futuri
288 838 461 901 obtulissent
483 841 603 916 periculi
624 837 708 912 (Col,
731 841 803 900 Plin.
826 843 904 919 maj,
923 841 1006 914 Tac,
1030 841 1125 920 Suet).

167 943 289 1002 Priores
310 961 365 1019 pro
386 943 546 1020 majoribus
570 957 599 1012 2,
622 959 665 1018 91,
686 959 719 1016 4:
746 961 841 1020 neque
863 945 910 1006 hic
931 945 1073 1022 prioribus
1098 945 1129 1008 in
1155 947 1330 1008 occultando
1392 975 1396 983 ·

82 1045 198 1104 felicior
220 1043 273 1103 luit
295 1030 404 1120 (Verg,
424 1041 488 1115 Ov,
501 1044 585 1120 Col,
607 1044 692 1104 Plinii
713 1045 820 1120 ambo).

169 1143 301 1222 Sanguis
327 1154 465 1206 concreto
491 1163 578 1206 sensu
608 1155 764 1224 usurpatur
789 1166 843 1224 pro
873 1147 970 1210 liberis
996 1150 1118 1226 aliisque
1144 1156 1224 1208 recta
1253 1149 1331 1209 linea

77 1245 309 1307 ascendentibus
330 1255 382 1306 aut
404 1245 656 1308 descendentibus
670 1265 695 1319 1,
720 1265 768 1319 10,
792 1264 828 1324 5:
850 1268 927 1328 quae
949 1268 1005 1310 vox
1027 1268 1137 1326 magna
1159 1260 1242 1328 parte
1263 1269 1331 1310 eum

78 1350 217 1425 spoliavit
233 1349 385 1424 sanguinis
403 1350 447 1409 sui
467 1349 577 1426 (Verg,
596 1350 678 1422 Hor,
697 1350 760 1410 Liv.
778 1369 826 1426 40,
845 1368 870 1427 5,
892 1367 917 1423 1;
937 1354 1003 1414 Val.
1021 1352 1111 1423 Max,
1130 1352 1212 1422 Tac,
1229 1348 1330 1426 Curi).

79 1448 127 1508 Cf.
148 1449 408 1528 Krebs·Allgayer,
431 1452 583 1511 Antibarb.
607 1452 652 1510 ed.
675 1451 711 1510 V.
734 1471 762 1528 p.
786 1469 866 1527 1041.
1187 1487 1195 1519 e
1276 1491 1278 1494 -

171 1550 279 1627 Superi
298 1551 432 1611 dicuntur
452 1552 595 1624 homines,
617 1553 667 1629 qui
687 1553 717 1612 in
739 1560 817 1614 terra
832 1563 913 1625 sunt,
937 1551 1061 1631 oppositi
1077 1553 1184 1627 inieris,
1202 1557 1220 1615 i.
1239 1573 1264 1614 e.
1286 1555 1329 1624 iis,

79 1655 134 1730 qui
156 1662 239 1714 extra
260 1660 368 1714 terram
388 1664 548 1724 versantur,
571 1655 588 1712 i.
609 1673 636 1713 e.
658 1656 780 1715 mortuis
806 1658 841 1726 2‚'
858 1655 905 1731 48,
933 1671 962 1715 2:
993 1675 1084 1734 quam
1105 1657 1184 1733 apud
1211 1673 1330 1734 superos

79 1755 229 1816 habuerat
249 1753 494 1831 magnitudinem,
515 1755 658 1816 illibatam
680 1756 830 1818 detulisset
852 1757 890 1816 ad
912 1757 1028 1819 inferos.
1072 1757 1115 1818 Cf.
1139 1759 1230 1835 Verg.
1252 1760 1327 1819 Aen.

78 1855 106 1929 6,
132 1858 188 1932 481
209 1865 238 1917 et
260 1855 329 1916 680.
349 1886 389 1898 -

169 1960 237 2038 Jam
259 1959 339 2036 apud
360 1960 523 2035 superiores
541 1963 705 2038 scriptores,
723 1962 754 2021 in
771 1962 870 2038 primis
887 1961 967 2038 apud
983 1961 1150 2022 Sallustium
1169 1971 1198 2021 et
1214 1961 1327 2020 Livium

79 2063 187 2121 iisdem
204 2061 470 2136 significationibus,
490 2063 595 2139 quibus
613 2062 692 2140 apud
711 2064 862 2141 Vellejum,
878 2063 929 2123 sed
948 2064 1040 2123 rarius
1058 2065 1243 2124 inveniuntur
1260 2063 1329 2122 sub·

82 2163 211 2222 stantiva
228 2161 315 2222 haec:

167 2265 251 2322 Acies
277 2268 424 2339 equestres,
453 2284 552 2324 ramm
578 2265 693 2348 dicendi
720 2284 826 2341 genus,
854 2273 1009 2344 usurpatur
1030 2283 1059 2338 2,
1085 2283 1143 2347 112,
1166 2283 1196 2344 5:
1228 2266 1330 2340 fugata

80 2367 230 2442 regiorum
253 2367 393 2442 equestris
416 2369 504 2435 acies,
526 2365 647 2442 fugatae
669 2367 743 2438 alae,
766 2386 925 2428 conversae
942 2368 1076 2428 cohortes
1098 2375 1167 2428 sunt
1187 2365 1281 2444 (Auct.
1301 2369 1329 2426 b.

82 2469 142 2527 Afr.
166 2467 213 2544 38,
236 2485 269 2542 4:
292 2468 370 2526 acies
392 2470 547 2544 equestris3
566 2468 628 2527 Liv.
650 2469 677 2537 8,
700 2486 746 2544 39,
770 2487 794 2528 1:
817 2471 895 2529 acies
917 2468 1066 2546 equitum).

164 2571 352 2648 Aaljuloroum
374 2588 428 2645 pro
450 2571 565 2629 auxr'le'o
581 2549 685 2640 2,'112,
709 2588 740 2644 4:
763 2569 904 2646 magnam
919 2572 1069 2630 Thracum
1091 2589 1213 2630 manum
1223 2573 1259 2656 *in
1278 2571 1330 2630 ad·

82 2674 218 2750 jutorium
241 2673 304 2750 ejus
326 2672 393 2729 belli
416 2689 516 2731 secum
533 2673 677 2732 trahebat
716 2673 783 2733 Hac
801 2692 872 2732 voce
891 2672 1064 2732 Ciceronem
1081 2673 1223 2732 translata
1240 2675 1330 2748 signi·

86 2775 216 2833 ficatione
239 2791 325 2832 usum
347 2773 435 2834 fuisse
457 2773 622 2834 Columella
644 2773 680 2833 de
701 2793 734 2834 re
755 2783 824 2834 rust.
845 2791 883 2833 12.
901 2775 992 2852 praes.
1016 2792 1027 2832 1
1053 2782 1175 2834 testatur
1195 2773 1329 2853 (adjuto-

85 2876 126 2935 ria
143 2872 326 2950 senectutis),
348 2874 409 2945 sed,
433 2861 596 2933 utrumille
618 2877 740 2952 scriptor
762 2875 911 2937 Ciceronis
933 2877 1023 2936 verba
1044 2877 1109 2952 ipsa
1131 2877 1267 2947 attulerit,
1290 2893 1330 2935 an

83 2978 249 3035 memoriter
269 2977 385 3035 locutus
407 2976 451 3051 sit,
472 2979 502 3036 in
528 2977 639 3039 incerto
661 2985 705 3036 est
726 2975 815 3052 (Asin.
842 2979 914 3038 Poll.
942 2979 1021 3054 apud
1043 2979 1134 3048 Suet,
1156 2979 1224 3038 Seu.
1246 2978 1328 3055 phil,

83 3076 193 3150 Quint,
215 3075 341 3154 postem).
819 3145 822 3150 ¹
1070 3153 1071 3156 Ἴ

167 3182 286 3238 Aemula
308 3175 398 3240 sub'st.
421 3198 490 3256 gen.
513 3180 734 3252 iem.1,12,o:
758 3182 885 3242 Romani
906 3183 1007 3258 imperi
1025 3180 1176 3256 Carthago
1198 3181 1328 3250 aemula;

79 3299 108 3352 2,
136 3299 164 3351 1,
189 3298 214 3338 1:
239 3291 352 3342 remoto
379 3281 565 3358 Carthaginis
592 3291 673 3342 metu
700 3285 873 3361 sublataque
894 3284 996 3361 imperi
1017 3284 1134 3344 aemula
1156 3278 1235 3359 (On,
1258 3281 1327 3341 Sall.

80 3383 147 3443 Cat.
175 3399 219 3454 ιο,
239 3379 271 3461 1).
812 3407 813 3410 ¹

166 3487 272 3545 Aenum
294 3505 349 3563 pro
371 3495 466 3556 aelate,
489 3494 608 3562 tempore
630 3487 772 3558 dicitur1‚
793 3501 831 3563 17,
854 3503 883 3557 2;
905 3504 930 3558 2,
953 3505 980 3564 9,
1000 3501 1031 3562 33
1053 3503 1137 3572 2,¹13,
1156 3502 1184 3556 2;
1207 3501 1232 3558 2,
1250 3484 1327 3555 26‚1

79 3587 156 3664 (aevi
183 3591 297 3666 paterni
319 3589 420 3660 Halm,
443 3591 524 3648 Kritz
550 3598 579 3648 et
605 3589 706 3648 Haase
732 3590 831 3664 ingeni
857 3588 992 3666 paterni);
1014 3605 1040 3660 2,
1058 3588 1109 3664 36,
1125 3604 1158 3663 3;
1180 3603 1210 3658 2,
1230 3586 1283 3668 66,
1299 3603 1328 3661 5;

80 3705 109 3762 2,
133 3690 185 3767 89,
209 3691 228 3750 6
250 3689 324 3768 (aevi
347 3692 472 3767 spatium
491 3715 532 3740 =
550 3692 626 3749 vitae
648 3691 785 3768 spatium)
806 3687 903 3767 (Poet,
921 3691 999 3762 Sall,
1018 3690 1080 3760 alii;
1103 3689 1328 3749 cl.K1ebs·All·

80 3811 182 3870 gayer‚
205 3794 357 3852 Antibarb.
380 3792 426 3852 ed.
449 3792 486 3851 V.
508 3812 537 3870 p.
561 3791 632 3870 105).
873 3868 874 3872 Ἰ
1115 3849 1118 3854 ,

96 3893 99 3900 ’
165 3895 331 3970 Alloque'um
359 3913 412 3972 pro
439 3914 564 3953 sermone
590 3910 619 3965 2,
645 3911 706 3971 123,
729 3911 760 3970 3:
787 3895 965 3956 subrefectus
993 3896 1086 3971 primo
1108 3901 1229 3970 aspectu
1256 3892 1329 3950 allo·

79 3997 208 4073 quioque
229 3997 330 4074 (Poet,
352 3993 431 4072 Lm).

164 4099 272 4156 Aloeus
294 4116 348 4174 pro
369 4101 465 4170 lintre,
486 4116 576 4174 quam
598 4116 701 4157 vocem
718 4100 846 4157 invenies
863 4114 888 4168 2,
909 4113 970 4173 107,
988 4114 1013 4167 2,
1036 4098 1151 4173 ponitur
1168 4113 1193 4166 2,
1217 4110 1279 4170 107,
1300 4113 1327 4154 1:
1356 4151 1357 4154 ,

79 4208 231 4270 cavatum,
263 4207 296 4257 ut
326 4199 381 4257 illis
413 4217 477 4259 mos
509 4208 567 4270 est,
603 4218 639 4258 ex
670 4202 791 4259 materia
817 4199 844 4276 (i.
873 4190 904 4260 er
926 4219 962 4258 ex
988 4218 1047 4258 uno
1075 4199 1186 4259 arboris
1212 4206 1327 4266 trunco,

81 4301 200 4361 Graece
223 4293 413 4380 ,μονόξυλον
436 4297 577 4380 mloioo‘)
598 4302 767 4361 conscendit
785 4303 900 4362 alveum
917 4300 987 4376 (Liv.
1007 4319 1029 4372 1,
1052 4318 1080 4375 4,
1104 4299 1135 4372 6;
1158 4317 1199 4372 21,
1213 4298 1268 4378 26,
1291 4301 1327 4375 9).

163 4405 327 4479 Appellatio
350 4421 403 4480 pro
425 4406 535 4461 nomene
556 4419 581 4474 2,
606 4419 661 4480 125,
685 4419 713 4477 5:
732 4415 907 4464 ornamenta
929 4403 1115 4479 triumphalia
1136 4421 1204 4464 cum
1226 4403 1327 4479 appel·

77 4505 188 4563 latione
211 4504 401 4581 imperatoria
422 4506 527 4563 meruit
550 4502 640 4581 (Cic).

163 4608 379 4666 Mundenelum
402 4622 430 4678 2,
456 4623 501 4683 19,
525 4624 554 4665 2:
582 4615 729 4667 extractus
756 4609 930 4668 arundineto
952 4607 1063 4667 Marius
1090 4607 1167 4666 circa
1189 4604 1327 4683 paludem
