3346 5454
886 447 924 458 -
969 361 1090 496 33..

448 603 621 679 Peragrari
644 622 697 680 pro
723 605 812 662 verbo
839 603 997 679 deponenti
1019 608 1115 662 exstat
1136 617 1161 672 2,
1190 615 1235 677 97,
1262 619 1295 674 4:
1322 610 1495 678 peragratur
1523 604 1616 663 victor

363 707 459 766 omnis
476 707 566 782 partis
587 703 775 764 Germaniae.
807 704 896 763 Hanc
915 705 994 763 verbi
1013 704 1185 780 deponentis
1203 703 1329 763 sormam
1339 702 1465 762 Kritaius
1482 705 1616 764 maximo

364 827 432 868 cum
454 807 548 867 studio
571 806 712 876 defendit;
741 806 793 866 sed
816 808 879 884 jam
902 805 1094 866 Ruhnkenius
1117 805 1293 876 felicissime,
1320 814 1352 866 ut
1379 806 1464 866 nobis
1491 806 1614 872 videtur,

361 911 486 988 conjecit
507 913 711 986 pervagatus:

447 1027 611 1104 Repensare
633 1026 773 1086 translate
795 1046 848 1103 pro
866 1045 903 1086 eo
926 1028 1037 1097 dieitur,
1061 1025 1140 1103 quod
1162 1033 1207 1085 est
1227 1046 1363 1101 aequore,
1386 1038 1568 1103 compensare
1589 1044 1611 1098 2,

363 1145 402 1199 12,
425 1144 455 1204 5:
482 1129 538 1187 hac
559 1128 679 1187 victoria
700 1128 811 1188 videtur
834 1130 973 1188 meruisse
996 1127 1120 1198 Marius,
1148 1145 1185 1186 ne
1208 1128 1269 1204 ejus
1292 1129 1352 1186 nati
1380 1146 1444 1187 rem
1466 1130 1612 1204 publicam

362 1232 533 1307 poeniteret,
556 1247 592 1289 ac
613 1231 692 1289 bona
719 1231 804 1290 malis
830 1245 1022 1306 repensassep
1047 1246 1071 1300 2,
1095 1245 1136 1299 21,
1159 1246 1191 1302 4:
1213 1231 1294 1306 cujus
1315 1228 1465 1308 (Pompeji)
1482 1231 1613 1290 interitus

361 1331 495 1407 voluptas
523 1332 697 1391 amissorum
724 1341 775 1391 aut
797 1332 897 1408 gladio
924 1341 975 1390 aut
997 1332 1101 1390 morbo
1123 1331 1228 1390 civium
1255 1349 1350 1408 paene
1372 1332 1484 1391 damno
1509 1352 1611 1409 repen·

361 1444 427 1494 sata
445 1443 489 1493 est
506 1431 579 1511 (Col.
594 1450 620 1509 3,
639 1450 664 1504 2,
686 1451 728 1510 15;
751 1434 818 1494 Seu.
830 1442 889 1493 nat.
904 1442 1009 1510 quaest
1026 1431 1147 1512 5,18,4;
1167 1432 1204 1491 de
1221 1434 1264 1491 ira
1281 1449 1305 1504 2,
1324 1449 1368 1508 32,
1389 1450 1414 1505 13
1434 1434 1562 1510 poster).
1573 1465 1609 1478 -

362 1547 514 1612 repensare
540 1537 655 1612 proprie
681 1544 776 1594 exstat
798 1534 928 1610 Flor.3,
953 1550 995 1610 15,
1020 1532 1054 1593 6:
1084 1543 1173 1609 caput
1199 1552 1280 1593 auru.
1329 1535 1459 1595 Verbum
1489 1536 1609 1613 simplex
1659 1535 1660 1592 l

363 1639 506 1715 ,pensare‘
533 1637 676 1696 translata
702 1637 913 1712 significatione
938 1637 1081 1696 invenitur
1103 1652 1131 1702 2,
1159 1635 1209 1706 88,
1238 1653 1270 1712 32
1301 1646 1427 1698 mortem
1453 1640 1608 1699 immortali

363 1740 489 1799 nominis
507 1740 661 1808 memoria;
684 1755 709 1810 2,
734 1755 787 1809 111,
806 1754 835 1814 5:
848 1740 1008 1816 ¹victoriam
1027 1738 1137 1798 damno
1159 1739 1258 1797 amissi
1276 1740 1384 1798 militis.
1403 1771 1442 1784 -
1462 1744 1608 1816 rependere

363 1842 478 1918 proprie
500 1843 618 1918 ponitur
645 1857 670 1911 2,
698 1838 725 1911 6,
754 1856 783 1916 5:
816 1849 904 1916 caput
926 1857 998 1899 auro
1019 1838 1145 1916 (Cicerot
1173 1858 1277 1898 aurum
1300 1859 1352 1916 pro
1375 1842 1492 1918 capite);
1517 1853 1608 1901 trans·

365 1945 425 2002 late
447 1953 602 2019 usurpatur
625 1944 691 2002 Val.
714 1942 795 2002 Max.
814 1958 844 2018 5,
859 1959 893 2018 ’3.
914 1951 974 2002 ext.
991 1960 1021 2018 3:
1042 1943 1182 2002 beneficia
1205 1942 1313 2021 injuriis
1335 1945 1503 2020 rependere.
1527 1976 1570 1988 -
1659 1995 1660 2046 7

448 2063 504 2124 His
530 2065 623 2123 verbis
647 2064 775 2141 Vellejus
801 2070 853 2121 aut
879 2080 987 2120 novam
1012 2061 1071 2119 vim
1097 2071 1149 2120 aut
1170 2069 1344 2120 structuram
1367 2063 1405 2121 ab
1431 2065 1605 2138 optimorum

363 2167 538 2241 scriptorum
560 2163 769 2223 consuetudine
791 2163 918 2221 alienam
940 2161 1051 2221 videtur
1073 2163 1245 2238 imposuisse
1265 2164 1388 2238 primus:

446 2285 578 2362 Adjr'cere
600 2301 720 2340 manum
744 2281 820 2341 alcui
846 2299 899 2357 pro
921 2298 966 2352 eo,
990 2281 1070 2358 quod
1091 2290 1136 2340 est
1159 2282 1288 2359 injicere,
1310 2283 1464 2358 imponere
1489 2302 1606 2343 manum

363 2403 387 2453 2.
413 2403 479 2457 100,
506 2402 535 2444 1:
559 2402 628 2442 nam
652 2391 681 2442 et
704 2383 826 2442 Parthus
850 2383 1015 2443 desciscens
1034 2402 1053 2441 a
1071 2385 1211 2442 societate
1228 2383 1365 2443 Romana
1383 2385 1489 2462 adjecit
1506 2389 1607 2444 Arme·

360 2491 428 2549 niae
454 2506 584 2547 manum.
627 2485 670 2545 Ut
691 2495 800 2555 autem,
818 2486 991 2546 observante
1013 2484 1198 2555 Ruhnkenio,
1226 2485 1380 2563 scriptores
1406 2485 1503 2546 Latini
1532 2487 1606 2546 nullo

362 2590 529 2649 discrimine
551 2589 656 2648 inferre
675 2596 704 2646 et
726 2589 830 2646 afferre
848 2606 970 2646 manum
989 2577 1100 2658 dicunt,
1119 2588 1159 2646 ita
1181 2605 1240 2646 non
1258 2590 1424 2664 promiscue
1442 2588 1498 2648 dici
1516 2595 1606 2667 potest

361 2693 478 2770 injicere
501 2699 530 2750 et
553 2686 679 2769 adjicere
701 2709 822 2749 manum
844 2687 960 2766 (inferre
982 2707 1087 2748 manus
1111 2688 1171 2748 Cic.
1195 2689 1260 2749 Cat.
1280 2705 1302 2761 1,
1325 2689 1351 2761 8,
1374 2707 1421 2761 223
1444 2691 1524 2751 Suet.
1547 2691 1603 2750 Cal.

360 2812 391 2870 51
407 2804 478 2854 extr.
494 2825 535 2836 -
556 2794 660 2852 afferre
673 2810 779 2852 manus
799 2791 901 2852 Cicero
921 2793 1089 2870 saepissime
1105 2792 1188 2862 dixit;
1208 2791 1244 2851 cf.
1258 2793 1406 2868 Merguet,
1426 2794 1556 2855 Lexicon
1574 2813 1604 2852 zu

362 2897 419 2956 den
443 2897 546 2955 Reden
569 2895 620 2954 des
643 2893 746 2953 Cicero
769 2912 797 2969 p.
821 2910 869 2970 92;
898 2893 964 2952 Sen.
988 2894 1025 2952 de
1046 2895 1113 2952 ben.
1135 2909 1160 2968 5,
1186 2909 1225 2969 15,
1249 2889 1287 2970 4).
1332 2895 1466 2974 Adjicere
1488 2915 1604 2957 manum
1655 2871 1657 2972 l

359 3000 449 3056 etiam
475 2999 618 3057 invenitur
643 2995 711 3055 Val.
738 2995 819 3055 Max.
848 3009 873 3070 7,
900 3011 925 3072 5,
953 3012 984 3068 43
1016 2995 1132 3072 injicere
1153 3014 1275 3055 manum
1297 2995 1357 3057 Cic.
1385 3017 1438 3074 pro
1460 2997 1499 3071 Q.
1522 2999 1603 3057 Rosc.

363 3101 404 3172 16,
420 3099 471 3173 48:
490 3099 552 3158 Liv.
573 3116 598 3170 2,
618 3115 657 3170 12,
682 3114 726 3174 13;
745 3096 811 3158 Val.
829 3097 910 3157 Max.
930 3114 956 3168 2,
975 3114 994 3173 9
1012 3097 1085 3166 init.;
1104 3114 1130 3172 3,
1149 3114 1174 3168 2,
1193 3113 1240 3172 23;
1264 3115 1291 3170 4,
1312 3085 1334 3168 ί,
1355 3115 1398 3174 15;
1418 3114 1442 3175 7,
1461 3117 1487 3159 2.
1506 3109 1562 3160 ext.
1581 3113 1602 3166 1;

360 3202 438 3261 Flor.
453 3220 479 3278 3,
494 3219 538 3278 23,
552 3219 580 3279 9.
606 3201 653 3260 De
662 3201 810 3260 locutione
824 3217 946 3258 manum
964 3200 1114 3276 imponere
1132 3198 1168 3258 cf.
1182 3199 1441 3277 Krebs-Allgayer,
1455 3201 1602 3262 Antibarb.

361 3304 407 3363 ed.
430 3304 466 3362 V.
489 3324 517 3381 p.
540 3319 600 3380 557,
619 3307 670 3380 'cui
692 3303 861 3364 addendum
883 3312 928 3363 est
950 3303 1094 3380 Vellejum
1116 3322 1231 3381 semper
1253 3304 1349 3363 dicere
1372 3306 1501 3363 ultimam
1529 3306 1603 3373 (nont
1652 3309 1653 3404 7

360 3425 508 3476 summam,
530 3402 696 3482 extremam)
718 3424 840 3464 manum
862 3407 1024 3484 imponere.
1061 3404 1106 3464 ci.
1129 3421 1154 3475 2,
1177 3421 1224 3480 33,
1250 3421 1275 3475 1;
1298 3422 1323 3474 2,
1346 3403 1390 3480 87,
1414 3421 1440 3476 1;
1463 3422 1488 3476 2,
1513 3404 1556 3475 88,
1579 3417 1603 3470 1;
1651 3421 1652 3512 7

362 3523 386 3578 2,
414 3521 476 3582 117,
502 3524 524 3566 1.
843 3559 851 3572 ,
1650 3531 1651 3620 3

446 3628 546 3686 Accr're
578 3626 669 3702 paulo
689 3625 865 3685 'insolentius
893 3626 1036 3685 translata
1062 3626 1274 3700 significatione
1305 3625 1408 3686 dicitur
1439 3643 1469 3697 2,
1501 3627 1546 3703 38,
1576 3621 1603 3680 6:
1649 3645 1650 3727 7

366 3729 442 3804 regis
460 3738 563 3800 morte,
582 3748 672 3806 quam
694 3729 741 3788 ille
763 3729 941 3788 conscientia
964 3729 1118 3796 acciverat,
1136 3723 1267 3804 (Cyprus)
1289 3727 1368 3788 facta
1390 3729 1540 3805 provincia
1556 3733 1603 3786 est
1648 3767 1649 3836 3

364 3830 409 3890 Cf.
432 3830 510 3890 Flor.
533 3847 562 3905 4,
585 3848 609 3902 2,
634 3846 679 3907 71:
701 3838 827 3890 mortem
849 3832 938 3890 etiam
960 3830 1053 3889 laetus
1075 3830 1187 3889 accivit.
1220 3879 1223 3886 ,

448 3952 580 4026 Agnosci
602 3950 704 4010 addito
731 3950 911 4010 nominativo
937 3949 1096 4026 praedicati
1123 3967 1175 4024 per
1198 3955 1230 4006 ut
1250 3951 1282 4018 2,
1305 3964 1352 4019 10,
1377 3966 1402 4008 1:
1430 3960 1461 4009 at
1478 3968 1563 4019 nunc,
1584 3944 1605 4004 si

364 4052 428 4127 quis
450 4054 525 4112 tanti
541 4052 659 4123 habitet,
683 4052 730 4110 vix
752 4061 784 4110 ut
801 4060 920 4110 senator
941 4051 1117 4126 agnoscitur.

446 4172 500 4229 Ali
518 4173 549 4228 in
571 4172 641 4246 olqd
659 4188 776 4247 procu,
799 4169 879 4247 quod
898 4177 942 4228 est
964 4169 1043 4245 apud
1061 4168 1233 4231 Ciceronem
1256 4171 1377 4230 educari
1394 4173 1434 4229 ad
1452 4174 1523 4246 alqd
1540 4166 1603 4244 (cic.

364 4271 448 4330 Verr.
471 4289 497 4348 3,
519 4288 564 4346 24,
587 4271 643 4332 60:
665 4273 784 4332 homine
806 4272 844 4331 ad
867 4272 1075 4347 turpitudinem
1098 4271 1233 4346 educato)
1254 4287 1278 4341 2,
1297 4286 1343 4347 93,
1366 4288 1395 4333 2:
1420 4274 1531 4350 juvenis
1553 4271 1602 4329 sor·

362 4380 453 4433 tunae
479 4371 668 4449 (aukunftige
694 4374 770 4433 hohe
792 4372 950 4450 Stellung‘),
973 4374 1002 4432 in
1028 4391 1117 4450 quam
1135 4373 1276 4444 alebatur,
1304 4391 1398 4449 capax
1421 4371 1507 4449 (adde
1527 4371 1602 4433 lexic.

359 4473 475 4552 Latin).
504 4475 549 4534 cf.
565 4476 631 4534 Val.
643 4475 725 4536 Max.
739 4492 764 4547 2,
780 4491 825 4546 ιο,
841 4494 873 4550 4:
892 4477 930 4535 ad
949 4475 1093 4535 excidium
1111 4476 1172 4552 ejus
1190 4476 1322 4535 alebatur
1339 4474 1426 4551 (adde
1435 4477 1517 4537 lexic.
1527 4467 1603 4544 Latl

447 4579 613 4653 Ambigr'tur
634 4580 713 4654 apud
732 4578 877 4654 quosdam
902 4594 922 4649 1,
948 4593 986 4653 15,
1010 4594 1041 4652 3:
1064 4577 1171 4636 eodem
1193 4586 1357 4653 temporum
1379 4587 1484 4650 tractu,
1508 4591 1602 4656 quam·
